%YAML 1.1
%TAG !u! tag:unity3d.com,2011:
--- !u!1 &6828839059055286324
GameObject:
  m_ObjectHideFlags: 0
  m_CorrespondingSourceObject: {fileID: 0}
  m_PrefabInstance: {fileID: 0}
  m_PrefabAsset: {fileID: 0}
  serializedVersion: 6
  m_Component:
  - component: {fileID: 6828839059055286326}
  - component: {fileID: 6828839059055286325}
  m_Layer: 0
  m_Name: _Clouds (1)
  m_TagString: Untagged
  m_Icon: {fileID: 0}
  m_NavMeshLayer: 0
  m_StaticEditorFlags: 0
  m_IsActive: 1
--- !u!4 &6828839059055286326
Transform:
  m_ObjectHideFlags: 0
  m_CorrespondingSourceObject: {fileID: 0}
  m_PrefabInstance: {fileID: 0}
  m_PrefabAsset: {fileID: 0}
  m_GameObject: {fileID: 6828839059055286324}
  m_LocalRotation: {x: -0, y: -0, z: -0, w: 1}
  m_LocalPosition: {x: -368.0279, y: 274.53494, z: 827.6407}
  m_LocalScale: {x: 1, y: 1, z: 1}
  m_Children:
  - {fileID: 6828839060101487146}
  - {fileID: 6828839059409393256}
  - {fileID: 6828839059393995300}
  - {fileID: 6828839060536066094}
  - {fileID: 6828839059717099857}
  - {fileID: 6828839060488019107}
  m_Father: {fileID: 6828839059707022203}
  m_RootOrder: 1
  m_LocalEulerAnglesHint: {x: 0, y: 0, z: 0}
--- !u!114 &6828839059055286325
MonoBehaviour:
  m_ObjectHideFlags: 0
  m_CorrespondingSourceObject: {fileID: 0}
  m_PrefabInstance: {fileID: 0}
  m_PrefabAsset: {fileID: 0}
  m_GameObject: {fileID: 6828839059055286324}
  m_Enabled: 1
  m_EditorHideFlags: 0
  m_Script: {fileID: 11500000, guid: b4416e7ca4f86ea4f9dcc5c5c9af3b5e, type: 3}
  m_Name: 
  m_EditorClassIdentifier: 
  cloudsMoveSpeed_x: -10
  cloudsMoveSpeed_z: 0
--- !u!1 &6828839059124909457
GameObject:
  m_ObjectHideFlags: 0
  m_CorrespondingSourceObject: {fileID: 0}
  m_PrefabInstance: {fileID: 0}
  m_PrefabAsset: {fileID: 0}
  serializedVersion: 6
  m_Component:
  - component: {fileID: 6828839059124909459}
  - component: {fileID: 6828839059124909458}
  m_Layer: 0
  m_Name: _Clouds
  m_TagString: Untagged
  m_Icon: {fileID: 0}
  m_NavMeshLayer: 0
  m_StaticEditorFlags: 0
  m_IsActive: 1
--- !u!4 &6828839059124909459
Transform:
  m_ObjectHideFlags: 0
  m_CorrespondingSourceObject: {fileID: 0}
  m_PrefabInstance: {fileID: 0}
  m_PrefabAsset: {fileID: 0}
  m_GameObject: {fileID: 6828839059124909457}
  m_LocalRotation: {x: -0, y: -0, z: -0, w: 1}
  m_LocalPosition: {x: -368.0279, y: 274.53494, z: 292.6407}
  m_LocalScale: {x: 1, y: 1, z: 1}
  m_Children:
  - {fileID: 6828839059547588734}
  - {fileID: 6828839060179175818}
  - {fileID: 6828839060797138344}
  - {fileID: 6828839059671977788}
  - {fileID: 6828839060179367626}
  - {fileID: 6828839059071015538}
  - {fileID: 6828839059025632568}
  - {fileID: 6828839059607318862}
  - {fileID: 6828839060924343954}
  - {fileID: 6828839059352649110}
  - {fileID: 6828839060366462597}
  - {fileID: 6828839060489637529}
  m_Father: {fileID: 6828839059707022203}
  m_RootOrder: 0
  m_LocalEulerAnglesHint: {x: 0, y: 0, z: 0}
--- !u!114 &6828839059124909458
MonoBehaviour:
  m_ObjectHideFlags: 0
  m_CorrespondingSourceObject: {fileID: 0}
  m_PrefabInstance: {fileID: 0}
  m_PrefabAsset: {fileID: 0}
  m_GameObject: {fileID: 6828839059124909457}
  m_Enabled: 1
  m_EditorHideFlags: 0
  m_Script: {fileID: 11500000, guid: b4416e7ca4f86ea4f9dcc5c5c9af3b5e, type: 3}
  m_Name: 
  m_EditorClassIdentifier: 
  cloudsMoveSpeed_x: -10
  cloudsMoveSpeed_z: 0
--- !u!1 &6828839059266432736
GameObject:
  m_ObjectHideFlags: 0
  m_CorrespondingSourceObject: {fileID: 0}
  m_PrefabInstance: {fileID: 0}
  m_PrefabAsset: {fileID: 0}
  serializedVersion: 6
  m_Component:
  - component: {fileID: 6828839059266432737}
  - component: {fileID: 6828839059266432738}
  m_Layer: 0
  m_Name: _Clouds (4)
  m_TagString: Untagged
  m_Icon: {fileID: 0}
  m_NavMeshLayer: 0
  m_StaticEditorFlags: 0
  m_IsActive: 1
--- !u!4 &6828839059266432737
Transform:
  m_ObjectHideFlags: 0
  m_CorrespondingSourceObject: {fileID: 0}
  m_PrefabInstance: {fileID: 0}
  m_PrefabAsset: {fileID: 0}
  m_GameObject: {fileID: 6828839059266432736}
  m_LocalRotation: {x: -0, y: -0, z: -0, w: 1}
  m_LocalPosition: {x: -368.0279, y: 274.53494, z: -1007.3593}
  m_LocalScale: {x: 1, y: 1, z: 1}
  m_Children:
  - {fileID: 6828839059315994441}
  - {fileID: 6828839059740803824}
  - {fileID: 6828839059470179354}
  - {fileID: 6828839060742863704}
  - {fileID: 6828839060569696207}
  - {fileID: 6828839060035105287}
  m_Father: {fileID: 6828839059707022203}
  m_RootOrder: 4
  m_LocalEulerAnglesHint: {x: 0, y: 0, z: 0}
--- !u!114 &6828839059266432738
MonoBehaviour:
  m_ObjectHideFlags: 0
  m_CorrespondingSourceObject: {fileID: 0}
  m_PrefabInstance: {fileID: 0}
  m_PrefabAsset: {fileID: 0}
  m_GameObject: {fileID: 6828839059266432736}
  m_Enabled: 1
  m_EditorHideFlags: 0
  m_Script: {fileID: 11500000, guid: b4416e7ca4f86ea4f9dcc5c5c9af3b5e, type: 3}
  m_Name: 
  m_EditorClassIdentifier: 
  cloudsMoveSpeed_x: -10
  cloudsMoveSpeed_z: 0
--- !u!1 &6828839059386996673
GameObject:
  m_ObjectHideFlags: 0
  m_CorrespondingSourceObject: {fileID: 0}
  m_PrefabInstance: {fileID: 0}
  m_PrefabAsset: {fileID: 0}
  serializedVersion: 6
  m_Component:
  - component: {fileID: 6828839059386996674}
  - component: {fileID: 6828839059386996675}
  m_Layer: 0
  m_Name: _Clouds (3)
  m_TagString: Untagged
  m_Icon: {fileID: 0}
  m_NavMeshLayer: 0
  m_StaticEditorFlags: 0
  m_IsActive: 1
--- !u!4 &6828839059386996674
Transform:
  m_ObjectHideFlags: 0
  m_CorrespondingSourceObject: {fileID: 0}
  m_PrefabInstance: {fileID: 0}
  m_PrefabAsset: {fileID: 0}
  m_GameObject: {fileID: 6828839059386996673}
  m_LocalRotation: {x: -0, y: -0, z: -0, w: 1}
  m_LocalPosition: {x: -368.0279, y: 274.53494, z: -255.35931}
  m_LocalScale: {x: 1, y: 1, z: 1}
  m_Children:
  - {fileID: 6828839059818225479}
  - {fileID: 6828839060993867387}
  - {fileID: 6828839060272688227}
  - {fileID: 6828839059331248494}
  - {fileID: 6828839059744510176}
  - {fileID: 6828839060465244687}
  m_Father: {fileID: 6828839059707022203}
  m_RootOrder: 3
  m_LocalEulerAnglesHint: {x: 0, y: 0, z: 0}
--- !u!114 &6828839059386996675
MonoBehaviour:
  m_ObjectHideFlags: 0
  m_CorrespondingSourceObject: {fileID: 0}
  m_PrefabInstance: {fileID: 0}
  m_PrefabAsset: {fileID: 0}
  m_GameObject: {fileID: 6828839059386996673}
  m_Enabled: 1
  m_EditorHideFlags: 0
  m_Script: {fileID: 11500000, guid: b4416e7ca4f86ea4f9dcc5c5c9af3b5e, type: 3}
  m_Name: 
  m_EditorClassIdentifier: 
  cloudsMoveSpeed_x: -10
  cloudsMoveSpeed_z: 0
--- !u!1 &6828839059707022202
GameObject:
  m_ObjectHideFlags: 0
  m_CorrespondingSourceObject: {fileID: 0}
  m_PrefabInstance: {fileID: 0}
  m_PrefabAsset: {fileID: 0}
  serializedVersion: 6
  m_Component:
  - component: {fileID: 6828839059707022203}
  m_Layer: 0
  m_Name: Clouds
  m_TagString: Untagged
  m_Icon: {fileID: 0}
  m_NavMeshLayer: 0
  m_StaticEditorFlags: 0
  m_IsActive: 1
--- !u!4 &6828839059707022203
Transform:
  m_ObjectHideFlags: 0
  m_CorrespondingSourceObject: {fileID: 0}
  m_PrefabInstance: {fileID: 0}
  m_PrefabAsset: {fileID: 0}
  m_GameObject: {fileID: 6828839059707022202}
  m_LocalRotation: {x: 0, y: 0, z: 0, w: 1}
  m_LocalPosition: {x: 177.06677, y: -24.419243, z: 686.3593}
  m_LocalScale: {x: 1, y: 1, z: 1}
  m_Children:
  - {fileID: 6828839059124909459}
  - {fileID: 6828839059055286326}
  - {fileID: 6828839061041785252}
  - {fileID: 6828839059386996674}
  - {fileID: 6828839059266432737}
  m_Father: {fileID: 0}
  m_RootOrder: 0
  m_LocalEulerAnglesHint: {x: 0, y: 0, z: 0}
--- !u!1 &6828839061041785250
GameObject:
  m_ObjectHideFlags: 0
  m_CorrespondingSourceObject: {fileID: 0}
  m_PrefabInstance: {fileID: 0}
  m_PrefabAsset: {fileID: 0}
  serializedVersion: 6
  m_Component:
  - component: {fileID: 6828839061041785252}
  - component: {fileID: 6828839061041785251}
  m_Layer: 0
  m_Name: _Clouds (2)
  m_TagString: Untagged
  m_Icon: {fileID: 0}
  m_NavMeshLayer: 0
  m_StaticEditorFlags: 0
  m_IsActive: 1
--- !u!4 &6828839061041785252
Transform:
  m_ObjectHideFlags: 0
  m_CorrespondingSourceObject: {fileID: 0}
  m_PrefabInstance: {fileID: 0}
  m_PrefabAsset: {fileID: 0}
  m_GameObject: {fileID: 6828839061041785250}
  m_LocalRotation: {x: -0, y: -0, z: -0, w: 1}
  m_LocalPosition: {x: -368.0279, y: 274.53494, z: 75.640686}
  m_LocalScale: {x: 1, y: 1, z: 1}
  m_Children:
  - {fileID: 6828839060943845253}
  - {fileID: 6828839060264101597}
  - {fileID: 6828839060498015640}
  - {fileID: 6828839060919738399}
  - {fileID: 6828839060956279588}
  - {fileID: 6828839059431112369}
  m_Father: {fileID: 6828839059707022203}
  m_RootOrder: 2
  m_LocalEulerAnglesHint: {x: 0, y: 0, z: 0}
--- !u!114 &6828839061041785251
MonoBehaviour:
  m_ObjectHideFlags: 0
  m_CorrespondingSourceObject: {fileID: 0}
  m_PrefabInstance: {fileID: 0}
  m_PrefabAsset: {fileID: 0}
  m_GameObject: {fileID: 6828839061041785250}
  m_Enabled: 1
  m_EditorHideFlags: 0
  m_Script: {fileID: 11500000, guid: b4416e7ca4f86ea4f9dcc5c5c9af3b5e, type: 3}
  m_Name: 
  m_EditorClassIdentifier: 
  cloudsMoveSpeed_x: -10
  cloudsMoveSpeed_z: 0
--- !u!1001 &6828839059026058754
PrefabInstance:
  m_ObjectHideFlags: 0
  serializedVersion: 2
  m_Modification:
    m_TransformParent: {fileID: 6828839059124909459}
    m_Modifications:
    - target: {fileID: 115846, guid: bef19769e972d0741aec3902288fcc2e, type: 3}
      propertyPath: m_Name
      value: Cloud_04 (2)
      objectReference: {fileID: 0}
    - target: {fileID: 426810, guid: bef19769e972d0741aec3902288fcc2e, type: 3}
      propertyPath: m_LocalPosition.x
      value: -188
      objectReference: {fileID: 0}
    - target: {fileID: 426810, guid: bef19769e972d0741aec3902288fcc2e, type: 3}
      propertyPath: m_LocalPosition.y
      value: -54
      objectReference: {fileID: 0}
    - target: {fileID: 426810, guid: bef19769e972d0741aec3902288fcc2e, type: 3}
      propertyPath: m_LocalPosition.z
      value: 651
      objectReference: {fileID: 0}
    - target: {fileID: 426810, guid: bef19769e972d0741aec3902288fcc2e, type: 3}
      propertyPath: m_LocalRotation.x
      value: -0
      objectReference: {fileID: 0}
    - target: {fileID: 426810, guid: bef19769e972d0741aec3902288fcc2e, type: 3}
      propertyPath: m_LocalRotation.y
      value: -0
      objectReference: {fileID: 0}
    - target: {fileID: 426810, guid: bef19769e972d0741aec3902288fcc2e, type: 3}
      propertyPath: m_LocalRotation.z
      value: -0
      objectReference: {fileID: 0}
    - target: {fileID: 426810, guid: bef19769e972d0741aec3902288fcc2e, type: 3}
      propertyPath: m_LocalRotation.w
      value: 1
      objectReference: {fileID: 0}
    - target: {fileID: 426810, guid: bef19769e972d0741aec3902288fcc2e, type: 3}
      propertyPath: m_RootOrder
      value: 6
      objectReference: {fileID: 0}
    - target: {fileID: 426810, guid: bef19769e972d0741aec3902288fcc2e, type: 3}
      propertyPath: m_LocalScale.x
      value: 4.77766
      objectReference: {fileID: 0}
    - target: {fileID: 426810, guid: bef19769e972d0741aec3902288fcc2e, type: 3}
      propertyPath: m_LocalScale.y
      value: 1.6726899
      objectReference: {fileID: 0}
    - target: {fileID: 426810, guid: bef19769e972d0741aec3902288fcc2e, type: 3}
      propertyPath: m_LocalScale.z
      value: 1.6726899
      objectReference: {fileID: 0}
    m_RemovedComponents: []
  m_SourcePrefab: {fileID: 100100000, guid: bef19769e972d0741aec3902288fcc2e, type: 3}
--- !u!4 &6828839059025632568 stripped
Transform:
  m_CorrespondingSourceObject: {fileID: 426810, guid: bef19769e972d0741aec3902288fcc2e,
    type: 3}
  m_PrefabInstance: {fileID: 6828839059026058754}
  m_PrefabAsset: {fileID: 0}
--- !u!1001 &6828839059070851400
PrefabInstance:
  m_ObjectHideFlags: 0
  serializedVersion: 2
  m_Modification:
    m_TransformParent: {fileID: 6828839059124909459}
    m_Modifications:
    - target: {fileID: 115846, guid: bef19769e972d0741aec3902288fcc2e, type: 3}
      propertyPath: m_Name
      value: Cloud_04 (1)
      objectReference: {fileID: 0}
    - target: {fileID: 426810, guid: bef19769e972d0741aec3902288fcc2e, type: 3}
      propertyPath: m_LocalPosition.x
      value: 889.9611
      objectReference: {fileID: 0}
    - target: {fileID: 426810, guid: bef19769e972d0741aec3902288fcc2e, type: 3}
      propertyPath: m_LocalPosition.y
      value: 52.884308
      objectReference: {fileID: 0}
    - target: {fileID: 426810, guid: bef19769e972d0741aec3902288fcc2e, type: 3}
      propertyPath: m_LocalPosition.z
      value: -164.94763
      objectReference: {fileID: 0}
    - target: {fileID: 426810, guid: bef19769e972d0741aec3902288fcc2e, type: 3}
      propertyPath: m_LocalRotation.x
      value: 0
      objectReference: {fileID: 0}
    - target: {fileID: 426810, guid: bef19769e972d0741aec3902288fcc2e, type: 3}
      propertyPath: m_LocalRotation.y
      value: 0
      objectReference: {fileID: 0}
    - target: {fileID: 426810, guid: bef19769e972d0741aec3902288fcc2e, type: 3}
      propertyPath: m_LocalRotation.z
      value: 0.9999432
      objectReference: {fileID: 0}
    - target: {fileID: 426810, guid: bef19769e972d0741aec3902288fcc2e, type: 3}
      propertyPath: m_LocalRotation.w
      value: -0.01066381
      objectReference: {fileID: 0}
    - target: {fileID: 426810, guid: bef19769e972d0741aec3902288fcc2e, type: 3}
      propertyPath: m_RootOrder
      value: 5
      objectReference: {fileID: 0}
    - target: {fileID: 426810, guid: bef19769e972d0741aec3902288fcc2e, type: 3}
      propertyPath: m_LocalScale.x
      value: 9.579204
      objectReference: {fileID: 0}
    - target: {fileID: 426810, guid: bef19769e972d0741aec3902288fcc2e, type: 3}
      propertyPath: m_LocalScale.y
      value: 1.761334
      objectReference: {fileID: 0}
    - target: {fileID: 426810, guid: bef19769e972d0741aec3902288fcc2e, type: 3}
      propertyPath: m_LocalScale.z
      value: 1.7799804
      objectReference: {fileID: 0}
    m_RemovedComponents: []
  m_SourcePrefab: {fileID: 100100000, guid: bef19769e972d0741aec3902288fcc2e, type: 3}
--- !u!4 &6828839059071015538 stripped
Transform:
  m_CorrespondingSourceObject: {fileID: 426810, guid: bef19769e972d0741aec3902288fcc2e,
    type: 3}
  m_PrefabInstance: {fileID: 6828839059070851400}
  m_PrefabAsset: {fileID: 0}
--- !u!1001 &6828839059315567731
PrefabInstance:
  m_ObjectHideFlags: 0
  serializedVersion: 2
  m_Modification:
    m_TransformParent: {fileID: 6828839059266432737}
    m_Modifications:
    - target: {fileID: 426810, guid: bef19769e972d0741aec3902288fcc2e, type: 3}
      propertyPath: m_LocalPosition.x
      value: 36.961136
      objectReference: {fileID: 0}
    - target: {fileID: 426810, guid: bef19769e972d0741aec3902288fcc2e, type: 3}
      propertyPath: m_LocalPosition.y
      value: -48.115692
      objectReference: {fileID: 0}
    - target: {fileID: 426810, guid: bef19769e972d0741aec3902288fcc2e, type: 3}
      propertyPath: m_LocalPosition.z
      value: -119.1
      objectReference: {fileID: 0}
    - target: {fileID: 426810, guid: bef19769e972d0741aec3902288fcc2e, type: 3}
      propertyPath: m_LocalRotation.x
      value: 0
      objectReference: {fileID: 0}
    - target: {fileID: 426810, guid: bef19769e972d0741aec3902288fcc2e, type: 3}
      propertyPath: m_LocalRotation.y
      value: 0
      objectReference: {fileID: 0}
    - target: {fileID: 426810, guid: bef19769e972d0741aec3902288fcc2e, type: 3}
      propertyPath: m_LocalRotation.z
      value: 0
      objectReference: {fileID: 0}
    - target: {fileID: 426810, guid: bef19769e972d0741aec3902288fcc2e, type: 3}
      propertyPath: m_LocalRotation.w
      value: 1
      objectReference: {fileID: 0}
    - target: {fileID: 426810, guid: bef19769e972d0741aec3902288fcc2e, type: 3}
      propertyPath: m_RootOrder
      value: 0
      objectReference: {fileID: 0}
    - target: {fileID: 426810, guid: bef19769e972d0741aec3902288fcc2e, type: 3}
      propertyPath: m_LocalScale.x
      value: 4.7776556
      objectReference: {fileID: 0}
    - target: {fileID: 426810, guid: bef19769e972d0741aec3902288fcc2e, type: 3}
      propertyPath: m_LocalScale.y
      value: 1.6726905
      objectReference: {fileID: 0}
    - target: {fileID: 426810, guid: bef19769e972d0741aec3902288fcc2e, type: 3}
      propertyPath: m_LocalScale.z
      value: 1.6726905
      objectReference: {fileID: 0}
    m_RemovedComponents: []
  m_SourcePrefab: {fileID: 100100000, guid: bef19769e972d0741aec3902288fcc2e, type: 3}
--- !u!4 &6828839059315994441 stripped
Transform:
  m_CorrespondingSourceObject: {fileID: 426810, guid: bef19769e972d0741aec3902288fcc2e,
    type: 3}
  m_PrefabInstance: {fileID: 6828839059315567731}
  m_PrefabAsset: {fileID: 0}
--- !u!1001 &6828839059331741980
PrefabInstance:
  m_ObjectHideFlags: 0
  serializedVersion: 2
  m_Modification:
    m_TransformParent: {fileID: 6828839059386996674}
    m_Modifications:
    - target: {fileID: 493682, guid: 8ec774c4def159e4dba49882bd591326, type: 3}
      propertyPath: m_LocalPosition.x
      value: 369.96112
      objectReference: {fileID: 0}
    - target: {fileID: 493682, guid: 8ec774c4def159e4dba49882bd591326, type: 3}
      propertyPath: m_LocalPosition.y
      value: -39.115692
      objectReference: {fileID: 0}
    - target: {fileID: 493682, guid: 8ec774c4def159e4dba49882bd591326, type: 3}
      propertyPath: m_LocalPosition.z
      value: -162.31763
      objectReference: {fileID: 0}
    - target: {fileID: 493682, guid: 8ec774c4def159e4dba49882bd591326, type: 3}
      propertyPath: m_LocalRotation.x
      value: 0
      objectReference: {fileID: 0}
    - target: {fileID: 493682, guid: 8ec774c4def159e4dba49882bd591326, type: 3}
      propertyPath: m_LocalRotation.y
      value: 0
      objectReference: {fileID: 0}
    - target: {fileID: 493682, guid: 8ec774c4def159e4dba49882bd591326, type: 3}
      propertyPath: m_LocalRotation.z
      value: 0
      objectReference: {fileID: 0}
    - target: {fileID: 493682, guid: 8ec774c4def159e4dba49882bd591326, type: 3}
      propertyPath: m_LocalRotation.w
      value: 1
      objectReference: {fileID: 0}
    - target: {fileID: 493682, guid: 8ec774c4def159e4dba49882bd591326, type: 3}
      propertyPath: m_RootOrder
      value: 3
      objectReference: {fileID: 0}
    - target: {fileID: 493682, guid: 8ec774c4def159e4dba49882bd591326, type: 3}
      propertyPath: m_LocalScale.x
      value: 8.853376
      objectReference: {fileID: 0}
    - target: {fileID: 493682, guid: 8ec774c4def159e4dba49882bd591326, type: 3}
      propertyPath: m_LocalScale.y
      value: 4.4266863
      objectReference: {fileID: 0}
    - target: {fileID: 493682, guid: 8ec774c4def159e4dba49882bd591326, type: 3}
      propertyPath: m_LocalScale.z
      value: 4.4266863
      objectReference: {fileID: 0}
    m_RemovedComponents: []
  m_SourcePrefab: {fileID: 100100000, guid: 8ec774c4def159e4dba49882bd591326, type: 3}
--- !u!4 &6828839059331248494 stripped
Transform:
  m_CorrespondingSourceObject: {fileID: 493682, guid: 8ec774c4def159e4dba49882bd591326,
    type: 3}
  m_PrefabInstance: {fileID: 6828839059331741980}
  m_PrefabAsset: {fileID: 0}
--- !u!1001 &6828839059352286692
PrefabInstance:
  m_ObjectHideFlags: 0
  serializedVersion: 2
  m_Modification:
    m_TransformParent: {fileID: 6828839059124909459}
    m_Modifications:
    - target: {fileID: 160454, guid: 8ec774c4def159e4dba49882bd591326, type: 3}
      propertyPath: m_Name
      value: Cloud_03 (2)
      objectReference: {fileID: 0}
    - target: {fileID: 493682, guid: 8ec774c4def159e4dba49882bd591326, type: 3}
      propertyPath: m_LocalPosition.x
      value: 145
      objectReference: {fileID: 0}
    - target: {fileID: 493682, guid: 8ec774c4def159e4dba49882bd591326, type: 3}
      propertyPath: m_LocalPosition.y
      value: -45
      objectReference: {fileID: 0}
    - target: {fileID: 493682, guid: 8ec774c4def159e4dba49882bd591326, type: 3}
      propertyPath: m_LocalPosition.z
      value: 607.78235
      objectReference: {fileID: 0}
    - target: {fileID: 493682, guid: 8ec774c4def159e4dba49882bd591326, type: 3}
      propertyPath: m_LocalRotation.x
      value: -0
      objectReference: {fileID: 0}
    - target: {fileID: 493682, guid: 8ec774c4def159e4dba49882bd591326, type: 3}
      propertyPath: m_LocalRotation.y
      value: -0
      objectReference: {fileID: 0}
    - target: {fileID: 493682, guid: 8ec774c4def159e4dba49882bd591326, type: 3}
      propertyPath: m_LocalRotation.z
      value: -0
      objectReference: {fileID: 0}
    - target: {fileID: 493682, guid: 8ec774c4def159e4dba49882bd591326, type: 3}
      propertyPath: m_LocalRotation.w
      value: 1
      objectReference: {fileID: 0}
    - target: {fileID: 493682, guid: 8ec774c4def159e4dba49882bd591326, type: 3}
      propertyPath: m_RootOrder
      value: 9
      objectReference: {fileID: 0}
    - target: {fileID: 493682, guid: 8ec774c4def159e4dba49882bd591326, type: 3}
      propertyPath: m_LocalScale.x
      value: 8.85338
      objectReference: {fileID: 0}
    - target: {fileID: 493682, guid: 8ec774c4def159e4dba49882bd591326, type: 3}
      propertyPath: m_LocalScale.y
      value: 4.42669
      objectReference: {fileID: 0}
    - target: {fileID: 493682, guid: 8ec774c4def159e4dba49882bd591326, type: 3}
      propertyPath: m_LocalScale.z
      value: 4.42669
      objectReference: {fileID: 0}
    m_RemovedComponents: []
  m_SourcePrefab: {fileID: 100100000, guid: 8ec774c4def159e4dba49882bd591326, type: 3}
--- !u!4 &6828839059352649110 stripped
Transform:
  m_CorrespondingSourceObject: {fileID: 493682, guid: 8ec774c4def159e4dba49882bd591326,
    type: 3}
  m_PrefabInstance: {fileID: 6828839059352286692}
  m_PrefabAsset: {fileID: 0}
--- !u!1001 &6828839059393814834
PrefabInstance:
  m_ObjectHideFlags: 0
  serializedVersion: 2
  m_Modification:
    m_TransformParent: {fileID: 6828839059055286326}
    m_Modifications:
    - target: {fileID: 443158, guid: 98c20755924aa5d499600058295661ee, type: 3}
      propertyPath: m_LocalPosition.x
      value: -153.96886
      objectReference: {fileID: 0}
    - target: {fileID: 443158, guid: 98c20755924aa5d499600058295661ee, type: 3}
      propertyPath: m_LocalPosition.y
      value: -93.445694
      objectReference: {fileID: 0}
    - target: {fileID: 443158, guid: 98c20755924aa5d499600058295661ee, type: 3}
      propertyPath: m_LocalPosition.z
      value: -177.72763
      objectReference: {fileID: 0}
    - target: {fileID: 443158, guid: 98c20755924aa5d499600058295661ee, type: 3}
      propertyPath: m_LocalRotation.x
      value: 0
      objectReference: {fileID: 0}
    - target: {fileID: 443158, guid: 98c20755924aa5d499600058295661ee, type: 3}
      propertyPath: m_LocalRotation.y
      value: 0
      objectReference: {fileID: 0}
    - target: {fileID: 443158, guid: 98c20755924aa5d499600058295661ee, type: 3}
      propertyPath: m_LocalRotation.z
      value: 0
      objectReference: {fileID: 0}
    - target: {fileID: 443158, guid: 98c20755924aa5d499600058295661ee, type: 3}
      propertyPath: m_LocalRotation.w
      value: 1
      objectReference: {fileID: 0}
    - target: {fileID: 443158, guid: 98c20755924aa5d499600058295661ee, type: 3}
      propertyPath: m_RootOrder
      value: 2
      objectReference: {fileID: 0}
    - target: {fileID: 443158, guid: 98c20755924aa5d499600058295661ee, type: 3}
      propertyPath: m_LocalScale.x
      value: 10.610964
      objectReference: {fileID: 0}
    - target: {fileID: 443158, guid: 98c20755924aa5d499600058295661ee, type: 3}
      propertyPath: m_LocalScale.y
      value: 3.9842844
      objectReference: {fileID: 0}
    - target: {fileID: 443158, guid: 98c20755924aa5d499600058295661ee, type: 3}
      propertyPath: m_LocalScale.z
      value: 3.9842844
      objectReference: {fileID: 0}
    m_RemovedComponents: []
  m_SourcePrefab: {fileID: 100100000, guid: 98c20755924aa5d499600058295661ee, type: 3}
--- !u!4 &6828839059393995300 stripped
Transform:
  m_CorrespondingSourceObject: {fileID: 443158, guid: 98c20755924aa5d499600058295661ee,
    type: 3}
  m_PrefabInstance: {fileID: 6828839059393814834}
  m_PrefabAsset: {fileID: 0}
--- !u!1001 &6828839059409737086
PrefabInstance:
  m_ObjectHideFlags: 0
  serializedVersion: 2
  m_Modification:
    m_TransformParent: {fileID: 6828839059055286326}
    m_Modifications:
    - target: {fileID: 115772, guid: 98c20755924aa5d499600058295661ee, type: 3}
      propertyPath: m_Name
      value: Cloud_02 (1)
      objectReference: {fileID: 0}
    - target: {fileID: 443158, guid: 98c20755924aa5d499600058295661ee, type: 3}
      propertyPath: m_LocalPosition.x
      value: 551.38116
      objectReference: {fileID: 0}
    - target: {fileID: 443158, guid: 98c20755924aa5d499600058295661ee, type: 3}
      propertyPath: m_LocalPosition.y
      value: -133.76569
      objectReference: {fileID: 0}
    - target: {fileID: 443158, guid: 98c20755924aa5d499600058295661ee, type: 3}
      propertyPath: m_LocalPosition.z
      value: 80.83237
      objectReference: {fileID: 0}
    - target: {fileID: 443158, guid: 98c20755924aa5d499600058295661ee, type: 3}
      propertyPath: m_LocalRotation.x
      value: 0.005696909
      objectReference: {fileID: 0}
    - target: {fileID: 443158, guid: 98c20755924aa5d499600058295661ee, type: 3}
      propertyPath: m_LocalRotation.y
      value: -0.19805254
      objectReference: {fileID: 0}
    - target: {fileID: 443158, guid: 98c20755924aa5d499600058295661ee, type: 3}
      propertyPath: m_LocalRotation.z
      value: -0.028182706
      objectReference: {fileID: 0}
    - target: {fileID: 443158, guid: 98c20755924aa5d499600058295661ee, type: 3}
      propertyPath: m_LocalRotation.w
      value: 0.97976965
      objectReference: {fileID: 0}
    - target: {fileID: 443158, guid: 98c20755924aa5d499600058295661ee, type: 3}
      propertyPath: m_RootOrder
      value: 1
      objectReference: {fileID: 0}
    - target: {fileID: 443158, guid: 98c20755924aa5d499600058295661ee, type: 3}
      propertyPath: m_LocalScale.x
      value: 4.268763
      objectReference: {fileID: 0}
    - target: {fileID: 443158, guid: 98c20755924aa5d499600058295661ee, type: 3}
      propertyPath: m_LocalScale.y
      value: 2.5667098
      objectReference: {fileID: 0}
    - target: {fileID: 443158, guid: 98c20755924aa5d499600058295661ee, type: 3}
      propertyPath: m_LocalScale.z
      value: 1.937839
      objectReference: {fileID: 0}
    m_RemovedComponents: []
  m_SourcePrefab: {fileID: 100100000, guid: 98c20755924aa5d499600058295661ee, type: 3}
--- !u!4 &6828839059409393256 stripped
Transform:
  m_CorrespondingSourceObject: {fileID: 443158, guid: 98c20755924aa5d499600058295661ee,
    type: 3}
  m_PrefabInstance: {fileID: 6828839059409737086}
  m_PrefabAsset: {fileID: 0}
--- !u!1001 &6828839059431013771
PrefabInstance:
  m_ObjectHideFlags: 0
  serializedVersion: 2
  m_Modification:
    m_TransformParent: {fileID: 6828839061041785252}
    m_Modifications:
    - target: {fileID: 115846, guid: bef19769e972d0741aec3902288fcc2e, type: 3}
      propertyPath: m_Name
      value: Cloud_04 (1)
      objectReference: {fileID: 0}
    - target: {fileID: 426810, guid: bef19769e972d0741aec3902288fcc2e, type: 3}
      propertyPath: m_LocalPosition.x
      value: 889.9611
      objectReference: {fileID: 0}
    - target: {fileID: 426810, guid: bef19769e972d0741aec3902288fcc2e, type: 3}
      propertyPath: m_LocalPosition.y
      value: 52.884308
      objectReference: {fileID: 0}
    - target: {fileID: 426810, guid: bef19769e972d0741aec3902288fcc2e, type: 3}
      propertyPath: m_LocalPosition.z
      value: -164.94763
      objectReference: {fileID: 0}
    - target: {fileID: 426810, guid: bef19769e972d0741aec3902288fcc2e, type: 3}
      propertyPath: m_LocalRotation.x
      value: 0
      objectReference: {fileID: 0}
    - target: {fileID: 426810, guid: bef19769e972d0741aec3902288fcc2e, type: 3}
      propertyPath: m_LocalRotation.y
      value: 0
      objectReference: {fileID: 0}
    - target: {fileID: 426810, guid: bef19769e972d0741aec3902288fcc2e, type: 3}
      propertyPath: m_LocalRotation.z
      value: 0.9999432
      objectReference: {fileID: 0}
    - target: {fileID: 426810, guid: bef19769e972d0741aec3902288fcc2e, type: 3}
      propertyPath: m_LocalRotation.w
      value: -0.01066381
      objectReference: {fileID: 0}
    - target: {fileID: 426810, guid: bef19769e972d0741aec3902288fcc2e, type: 3}
      propertyPath: m_RootOrder
      value: 5
      objectReference: {fileID: 0}
    - target: {fileID: 426810, guid: bef19769e972d0741aec3902288fcc2e, type: 3}
      propertyPath: m_LocalScale.x
      value: 9.579204
      objectReference: {fileID: 0}
    - target: {fileID: 426810, guid: bef19769e972d0741aec3902288fcc2e, type: 3}
      propertyPath: m_LocalScale.y
      value: 1.761334
      objectReference: {fileID: 0}
    - target: {fileID: 426810, guid: bef19769e972d0741aec3902288fcc2e, type: 3}
      propertyPath: m_LocalScale.z
      value: 1.7799804
      objectReference: {fileID: 0}
    m_RemovedComponents: []
  m_SourcePrefab: {fileID: 100100000, guid: bef19769e972d0741aec3902288fcc2e, type: 3}
--- !u!4 &6828839059431112369 stripped
Transform:
  m_CorrespondingSourceObject: {fileID: 426810, guid: bef19769e972d0741aec3902288fcc2e,
    type: 3}
  m_PrefabInstance: {fileID: 6828839059431013771}
  m_PrefabAsset: {fileID: 0}
--- !u!1001 &6828839059470589708
PrefabInstance:
  m_ObjectHideFlags: 0
  serializedVersion: 2
  m_Modification:
    m_TransformParent: {fileID: 6828839059266432737}
    m_Modifications:
    - target: {fileID: 443158, guid: 98c20755924aa5d499600058295661ee, type: 3}
      propertyPath: m_LocalPosition.x
      value: -153.96886
      objectReference: {fileID: 0}
    - target: {fileID: 443158, guid: 98c20755924aa5d499600058295661ee, type: 3}
      propertyPath: m_LocalPosition.y
      value: -93.445694
      objectReference: {fileID: 0}
    - target: {fileID: 443158, guid: 98c20755924aa5d499600058295661ee, type: 3}
      propertyPath: m_LocalPosition.z
      value: -177.72763
      objectReference: {fileID: 0}
    - target: {fileID: 443158, guid: 98c20755924aa5d499600058295661ee, type: 3}
      propertyPath: m_LocalRotation.x
      value: 0
      objectReference: {fileID: 0}
    - target: {fileID: 443158, guid: 98c20755924aa5d499600058295661ee, type: 3}
      propertyPath: m_LocalRotation.y
      value: 0
      objectReference: {fileID: 0}
    - target: {fileID: 443158, guid: 98c20755924aa5d499600058295661ee, type: 3}
      propertyPath: m_LocalRotation.z
      value: 0
      objectReference: {fileID: 0}
    - target: {fileID: 443158, guid: 98c20755924aa5d499600058295661ee, type: 3}
      propertyPath: m_LocalRotation.w
      value: 1
      objectReference: {fileID: 0}
    - target: {fileID: 443158, guid: 98c20755924aa5d499600058295661ee, type: 3}
      propertyPath: m_RootOrder
      value: 2
      objectReference: {fileID: 0}
    - target: {fileID: 443158, guid: 98c20755924aa5d499600058295661ee, type: 3}
      propertyPath: m_LocalScale.x
      value: 10.610964
      objectReference: {fileID: 0}
    - target: {fileID: 443158, guid: 98c20755924aa5d499600058295661ee, type: 3}
      propertyPath: m_LocalScale.y
      value: 3.9842844
      objectReference: {fileID: 0}
    - target: {fileID: 443158, guid: 98c20755924aa5d499600058295661ee, type: 3}
      propertyPath: m_LocalScale.z
      value: 3.9842844
      objectReference: {fileID: 0}
    m_RemovedComponents: []
  m_SourcePrefab: {fileID: 100100000, guid: 98c20755924aa5d499600058295661ee, type: 3}
--- !u!4 &6828839059470179354 stripped
Transform:
  m_CorrespondingSourceObject: {fileID: 443158, guid: 98c20755924aa5d499600058295661ee,
    type: 3}
  m_PrefabInstance: {fileID: 6828839059470589708}
  m_PrefabAsset: {fileID: 0}
--- !u!1001 &6828839059547425604
PrefabInstance:
  m_ObjectHideFlags: 0
  serializedVersion: 2
  m_Modification:
    m_TransformParent: {fileID: 6828839059124909459}
    m_Modifications:
    - target: {fileID: 426810, guid: bef19769e972d0741aec3902288fcc2e, type: 3}
      propertyPath: m_LocalPosition.x
      value: 36.961136
      objectReference: {fileID: 0}
    - target: {fileID: 426810, guid: bef19769e972d0741aec3902288fcc2e, type: 3}
      propertyPath: m_LocalPosition.y
      value: -48.115692
      objectReference: {fileID: 0}
    - target: {fileID: 426810, guid: bef19769e972d0741aec3902288fcc2e, type: 3}
      propertyPath: m_LocalPosition.z
      value: -119.1
      objectReference: {fileID: 0}
    - target: {fileID: 426810, guid: bef19769e972d0741aec3902288fcc2e, type: 3}
      propertyPath: m_LocalRotation.x
      value: 0
      objectReference: {fileID: 0}
    - target: {fileID: 426810, guid: bef19769e972d0741aec3902288fcc2e, type: 3}
      propertyPath: m_LocalRotation.y
      value: 0
      objectReference: {fileID: 0}
    - target: {fileID: 426810, guid: bef19769e972d0741aec3902288fcc2e, type: 3}
      propertyPath: m_LocalRotation.z
      value: 0
      objectReference: {fileID: 0}
    - target: {fileID: 426810, guid: bef19769e972d0741aec3902288fcc2e, type: 3}
      propertyPath: m_LocalRotation.w
      value: 1
      objectReference: {fileID: 0}
    - target: {fileID: 426810, guid: bef19769e972d0741aec3902288fcc2e, type: 3}
      propertyPath: m_RootOrder
      value: 0
      objectReference: {fileID: 0}
    - target: {fileID: 426810, guid: bef19769e972d0741aec3902288fcc2e, type: 3}
      propertyPath: m_LocalScale.x
      value: 4.7776556
      objectReference: {fileID: 0}
    - target: {fileID: 426810, guid: bef19769e972d0741aec3902288fcc2e, type: 3}
      propertyPath: m_LocalScale.y
      value: 1.6726905
      objectReference: {fileID: 0}
    - target: {fileID: 426810, guid: bef19769e972d0741aec3902288fcc2e, type: 3}
      propertyPath: m_LocalScale.z
      value: 1.6726905
      objectReference: {fileID: 0}
    m_RemovedComponents: []
  m_SourcePrefab: {fileID: 100100000, guid: bef19769e972d0741aec3902288fcc2e, type: 3}
--- !u!4 &6828839059547588734 stripped
Transform:
  m_CorrespondingSourceObject: {fileID: 426810, guid: bef19769e972d0741aec3902288fcc2e,
    type: 3}
  m_PrefabInstance: {fileID: 6828839059547425604}
  m_PrefabAsset: {fileID: 0}
--- !u!1001 &6828839059607138904
PrefabInstance:
  m_ObjectHideFlags: 0
  serializedVersion: 2
  m_Modification:
    m_TransformParent: {fileID: 6828839059124909459}
    m_Modifications:
    - target: {fileID: 115772, guid: 98c20755924aa5d499600058295661ee, type: 3}
      propertyPath: m_Name
      value: Cloud_02 (2)
      objectReference: {fileID: 0}
    - target: {fileID: 443158, guid: 98c20755924aa5d499600058295661ee, type: 3}
      propertyPath: m_LocalPosition.x
      value: 326.42004
      objectReference: {fileID: 0}
    - target: {fileID: 443158, guid: 98c20755924aa5d499600058295661ee, type: 3}
      propertyPath: m_LocalPosition.y
      value: -139.65
      objectReference: {fileID: 0}
    - target: {fileID: 443158, guid: 98c20755924aa5d499600058295661ee, type: 3}
      propertyPath: m_LocalPosition.z
      value: 850.9324
      objectReference: {fileID: 0}
    - target: {fileID: 443158, guid: 98c20755924aa5d499600058295661ee, type: 3}
      propertyPath: m_LocalRotation.x
      value: 0.005696909
      objectReference: {fileID: 0}
    - target: {fileID: 443158, guid: 98c20755924aa5d499600058295661ee, type: 3}
      propertyPath: m_LocalRotation.y
      value: -0.19805254
      objectReference: {fileID: 0}
    - target: {fileID: 443158, guid: 98c20755924aa5d499600058295661ee, type: 3}
      propertyPath: m_LocalRotation.z
      value: -0.028182706
      objectReference: {fileID: 0}
    - target: {fileID: 443158, guid: 98c20755924aa5d499600058295661ee, type: 3}
      propertyPath: m_LocalRotation.w
      value: 0.97976965
      objectReference: {fileID: 0}
    - target: {fileID: 443158, guid: 98c20755924aa5d499600058295661ee, type: 3}
      propertyPath: m_RootOrder
      value: 7
      objectReference: {fileID: 0}
    - target: {fileID: 443158, guid: 98c20755924aa5d499600058295661ee, type: 3}
      propertyPath: m_LocalScale.x
      value: 4.2687597
      objectReference: {fileID: 0}
    - target: {fileID: 443158, guid: 98c20755924aa5d499600058295661ee, type: 3}
      propertyPath: m_LocalScale.y
      value: 2.56671
      objectReference: {fileID: 0}
    - target: {fileID: 443158, guid: 98c20755924aa5d499600058295661ee, type: 3}
      propertyPath: m_LocalScale.z
      value: 1.9378401
      objectReference: {fileID: 0}
    m_RemovedComponents: []
  m_SourcePrefab: {fileID: 100100000, guid: 98c20755924aa5d499600058295661ee, type: 3}
--- !u!4 &6828839059607318862 stripped
Transform:
  m_CorrespondingSourceObject: {fileID: 443158, guid: 98c20755924aa5d499600058295661ee,
    type: 3}
  m_PrefabInstance: {fileID: 6828839059607138904}
  m_PrefabAsset: {fileID: 0}
--- !u!1001 &6828839059671484238
PrefabInstance:
  m_ObjectHideFlags: 0
  serializedVersion: 2
  m_Modification:
    m_TransformParent: {fileID: 6828839059124909459}
    m_Modifications:
    - target: {fileID: 493682, guid: 8ec774c4def159e4dba49882bd591326, type: 3}
      propertyPath: m_LocalPosition.x
      value: 369.96112
      objectReference: {fileID: 0}
    - target: {fileID: 493682, guid: 8ec774c4def159e4dba49882bd591326, type: 3}
      propertyPath: m_LocalPosition.y
      value: -39.115692
      objectReference: {fileID: 0}
    - target: {fileID: 493682, guid: 8ec774c4def159e4dba49882bd591326, type: 3}
      propertyPath: m_LocalPosition.z
      value: -162.31763
      objectReference: {fileID: 0}
    - target: {fileID: 493682, guid: 8ec774c4def159e4dba49882bd591326, type: 3}
      propertyPath: m_LocalRotation.x
      value: 0
      objectReference: {fileID: 0}
    - target: {fileID: 493682, guid: 8ec774c4def159e4dba49882bd591326, type: 3}
      propertyPath: m_LocalRotation.y
      value: 0
      objectReference: {fileID: 0}
    - target: {fileID: 493682, guid: 8ec774c4def159e4dba49882bd591326, type: 3}
      propertyPath: m_LocalRotation.z
      value: 0
      objectReference: {fileID: 0}
    - target: {fileID: 493682, guid: 8ec774c4def159e4dba49882bd591326, type: 3}
      propertyPath: m_LocalRotation.w
      value: 1
      objectReference: {fileID: 0}
    - target: {fileID: 493682, guid: 8ec774c4def159e4dba49882bd591326, type: 3}
      propertyPath: m_RootOrder
      value: 3
      objectReference: {fileID: 0}
    - target: {fileID: 493682, guid: 8ec774c4def159e4dba49882bd591326, type: 3}
      propertyPath: m_LocalScale.x
      value: 8.853376
      objectReference: {fileID: 0}
    - target: {fileID: 493682, guid: 8ec774c4def159e4dba49882bd591326, type: 3}
      propertyPath: m_LocalScale.y
      value: 4.4266863
      objectReference: {fileID: 0}
    - target: {fileID: 493682, guid: 8ec774c4def159e4dba49882bd591326, type: 3}
      propertyPath: m_LocalScale.z
      value: 4.4266863
      objectReference: {fileID: 0}
    m_RemovedComponents: []
  m_SourcePrefab: {fileID: 100100000, guid: 8ec774c4def159e4dba49882bd591326, type: 3}
--- !u!4 &6828839059671977788 stripped
Transform:
  m_CorrespondingSourceObject: {fileID: 493682, guid: 8ec774c4def159e4dba49882bd591326,
    type: 3}
  m_PrefabInstance: {fileID: 6828839059671484238}
  m_PrefabAsset: {fileID: 0}
--- !u!1001 &6828839059717593379
PrefabInstance:
  m_ObjectHideFlags: 0
  serializedVersion: 2
  m_Modification:
    m_TransformParent: {fileID: 6828839059055286326}
    m_Modifications:
    - target: {fileID: 160454, guid: 8ec774c4def159e4dba49882bd591326, type: 3}
      propertyPath: m_Name
      value: Cloud_03 (1)
      objectReference: {fileID: 0}
    - target: {fileID: 493682, guid: 8ec774c4def159e4dba49882bd591326, type: 3}
      propertyPath: m_LocalPosition.x
      value: -297.43884
      objectReference: {fileID: 0}
    - target: {fileID: 493682, guid: 8ec774c4def159e4dba49882bd591326, type: 3}
      propertyPath: m_LocalPosition.y
      value: 37.884308
      objectReference: {fileID: 0}
    - target: {fileID: 493682, guid: 8ec774c4def159e4dba49882bd591326, type: 3}
      propertyPath: m_LocalPosition.z
      value: -169.13126
      objectReference: {fileID: 0}
    - target: {fileID: 493682, guid: 8ec774c4def159e4dba49882bd591326, type: 3}
      propertyPath: m_LocalRotation.x
      value: 0
      objectReference: {fileID: 0}
    - target: {fileID: 493682, guid: 8ec774c4def159e4dba49882bd591326, type: 3}
      propertyPath: m_LocalRotation.y
      value: -1
      objectReference: {fileID: 0}
    - target: {fileID: 493682, guid: 8ec774c4def159e4dba49882bd591326, type: 3}
      propertyPath: m_LocalRotation.z
      value: 0
      objectReference: {fileID: 0}
    - target: {fileID: 493682, guid: 8ec774c4def159e4dba49882bd591326, type: 3}
      propertyPath: m_LocalRotation.w
      value: 0.000000059604645
      objectReference: {fileID: 0}
    - target: {fileID: 493682, guid: 8ec774c4def159e4dba49882bd591326, type: 3}
      propertyPath: m_RootOrder
      value: 4
      objectReference: {fileID: 0}
    - target: {fileID: 493682, guid: 8ec774c4def159e4dba49882bd591326, type: 3}
      propertyPath: m_LocalScale.x
      value: 6.9703445
      objectReference: {fileID: 0}
    - target: {fileID: 493682, guid: 8ec774c4def159e4dba49882bd591326, type: 3}
      propertyPath: m_LocalScale.y
      value: 4.4266863
      objectReference: {fileID: 0}
    - target: {fileID: 493682, guid: 8ec774c4def159e4dba49882bd591326, type: 3}
      propertyPath: m_LocalScale.z
      value: 4.4266863
      objectReference: {fileID: 0}
    m_RemovedComponents: []
  m_SourcePrefab: {fileID: 100100000, guid: 8ec774c4def159e4dba49882bd591326, type: 3}
--- !u!4 &6828839059717099857 stripped
Transform:
  m_CorrespondingSourceObject: {fileID: 493682, guid: 8ec774c4def159e4dba49882bd591326,
    type: 3}
  m_PrefabInstance: {fileID: 6828839059717593379}
  m_PrefabAsset: {fileID: 0}
--- !u!1001 &6828839059741147622
PrefabInstance:
  m_ObjectHideFlags: 0
  serializedVersion: 2
  m_Modification:
    m_TransformParent: {fileID: 6828839059266432737}
    m_Modifications:
    - target: {fileID: 115772, guid: 98c20755924aa5d499600058295661ee, type: 3}
      propertyPath: m_Name
      value: Cloud_02 (1)
      objectReference: {fileID: 0}
    - target: {fileID: 443158, guid: 98c20755924aa5d499600058295661ee, type: 3}
      propertyPath: m_LocalPosition.x
      value: 551.38116
      objectReference: {fileID: 0}
    - target: {fileID: 443158, guid: 98c20755924aa5d499600058295661ee, type: 3}
      propertyPath: m_LocalPosition.y
      value: -133.76569
      objectReference: {fileID: 0}
    - target: {fileID: 443158, guid: 98c20755924aa5d499600058295661ee, type: 3}
      propertyPath: m_LocalPosition.z
      value: 80.83237
      objectReference: {fileID: 0}
    - target: {fileID: 443158, guid: 98c20755924aa5d499600058295661ee, type: 3}
      propertyPath: m_LocalRotation.x
      value: 0.005696909
      objectReference: {fileID: 0}
    - target: {fileID: 443158, guid: 98c20755924aa5d499600058295661ee, type: 3}
      propertyPath: m_LocalRotation.y
      value: -0.19805254
      objectReference: {fileID: 0}
    - target: {fileID: 443158, guid: 98c20755924aa5d499600058295661ee, type: 3}
      propertyPath: m_LocalRotation.z
      value: -0.028182706
      objectReference: {fileID: 0}
    - target: {fileID: 443158, guid: 98c20755924aa5d499600058295661ee, type: 3}
      propertyPath: m_LocalRotation.w
      value: 0.97976965
      objectReference: {fileID: 0}
    - target: {fileID: 443158, guid: 98c20755924aa5d499600058295661ee, type: 3}
      propertyPath: m_RootOrder
      value: 1
      objectReference: {fileID: 0}
    - target: {fileID: 443158, guid: 98c20755924aa5d499600058295661ee, type: 3}
      propertyPath: m_LocalScale.x
      value: 4.268763
      objectReference: {fileID: 0}
    - target: {fileID: 443158, guid: 98c20755924aa5d499600058295661ee, type: 3}
      propertyPath: m_LocalScale.y
      value: 2.5667098
      objectReference: {fileID: 0}
    - target: {fileID: 443158, guid: 98c20755924aa5d499600058295661ee, type: 3}
      propertyPath: m_LocalScale.z
      value: 1.937839
      objectReference: {fileID: 0}
    m_RemovedComponents: []
  m_SourcePrefab: {fileID: 100100000, guid: 98c20755924aa5d499600058295661ee, type: 3}
--- !u!4 &6828839059740803824 stripped
Transform:
  m_CorrespondingSourceObject: {fileID: 443158, guid: 98c20755924aa5d499600058295661ee,
    type: 3}
  m_PrefabInstance: {fileID: 6828839059741147622}
  m_PrefabAsset: {fileID: 0}
--- !u!1001 &6828839059744741522
PrefabInstance:
  m_ObjectHideFlags: 0
  serializedVersion: 2
  m_Modification:
    m_TransformParent: {fileID: 6828839059386996674}
    m_Modifications:
    - target: {fileID: 160454, guid: 8ec774c4def159e4dba49882bd591326, type: 3}
      propertyPath: m_Name
      value: Cloud_03 (1)
      objectReference: {fileID: 0}
    - target: {fileID: 493682, guid: 8ec774c4def159e4dba49882bd591326, type: 3}
      propertyPath: m_LocalPosition.x
      value: -297.43884
      objectReference: {fileID: 0}
    - target: {fileID: 493682, guid: 8ec774c4def159e4dba49882bd591326, type: 3}
      propertyPath: m_LocalPosition.y
      value: 37.884308
      objectReference: {fileID: 0}
    - target: {fileID: 493682, guid: 8ec774c4def159e4dba49882bd591326, type: 3}
      propertyPath: m_LocalPosition.z
      value: -169.13126
      objectReference: {fileID: 0}
    - target: {fileID: 493682, guid: 8ec774c4def159e4dba49882bd591326, type: 3}
      propertyPath: m_LocalRotation.x
      value: 0
      objectReference: {fileID: 0}
    - target: {fileID: 493682, guid: 8ec774c4def159e4dba49882bd591326, type: 3}
      propertyPath: m_LocalRotation.y
      value: -1
      objectReference: {fileID: 0}
    - target: {fileID: 493682, guid: 8ec774c4def159e4dba49882bd591326, type: 3}
      propertyPath: m_LocalRotation.z
      value: 0
      objectReference: {fileID: 0}
    - target: {fileID: 493682, guid: 8ec774c4def159e4dba49882bd591326, type: 3}
      propertyPath: m_LocalRotation.w
      value: 0.000000059604645
      objectReference: {fileID: 0}
    - target: {fileID: 493682, guid: 8ec774c4def159e4dba49882bd591326, type: 3}
      propertyPath: m_RootOrder
      value: 4
      objectReference: {fileID: 0}
    - target: {fileID: 493682, guid: 8ec774c4def159e4dba49882bd591326, type: 3}
      propertyPath: m_LocalScale.x
      value: 6.9703445
      objectReference: {fileID: 0}
    - target: {fileID: 493682, guid: 8ec774c4def159e4dba49882bd591326, type: 3}
      propertyPath: m_LocalScale.y
      value: 4.4266863
      objectReference: {fileID: 0}
    - target: {fileID: 493682, guid: 8ec774c4def159e4dba49882bd591326, type: 3}
      propertyPath: m_LocalScale.z
      value: 4.4266863
      objectReference: {fileID: 0}
    m_RemovedComponents: []
  m_SourcePrefab: {fileID: 100100000, guid: 8ec774c4def159e4dba49882bd591326, type: 3}
--- !u!4 &6828839059744510176 stripped
Transform:
  m_CorrespondingSourceObject: {fileID: 493682, guid: 8ec774c4def159e4dba49882bd591326,
    type: 3}
  m_PrefabInstance: {fileID: 6828839059744741522}
  m_PrefabAsset: {fileID: 0}
--- !u!1001 &6828839059817864317
PrefabInstance:
  m_ObjectHideFlags: 0
  serializedVersion: 2
  m_Modification:
    m_TransformParent: {fileID: 6828839059386996674}
    m_Modifications:
    - target: {fileID: 426810, guid: bef19769e972d0741aec3902288fcc2e, type: 3}
      propertyPath: m_LocalPosition.x
      value: 36.961136
      objectReference: {fileID: 0}
    - target: {fileID: 426810, guid: bef19769e972d0741aec3902288fcc2e, type: 3}
      propertyPath: m_LocalPosition.y
      value: -48.115692
      objectReference: {fileID: 0}
    - target: {fileID: 426810, guid: bef19769e972d0741aec3902288fcc2e, type: 3}
      propertyPath: m_LocalPosition.z
      value: -119.1
      objectReference: {fileID: 0}
    - target: {fileID: 426810, guid: bef19769e972d0741aec3902288fcc2e, type: 3}
      propertyPath: m_LocalRotation.x
      value: 0
      objectReference: {fileID: 0}
    - target: {fileID: 426810, guid: bef19769e972d0741aec3902288fcc2e, type: 3}
      propertyPath: m_LocalRotation.y
      value: 0
      objectReference: {fileID: 0}
    - target: {fileID: 426810, guid: bef19769e972d0741aec3902288fcc2e, type: 3}
      propertyPath: m_LocalRotation.z
      value: 0
      objectReference: {fileID: 0}
    - target: {fileID: 426810, guid: bef19769e972d0741aec3902288fcc2e, type: 3}
      propertyPath: m_LocalRotation.w
      value: 1
      objectReference: {fileID: 0}
    - target: {fileID: 426810, guid: bef19769e972d0741aec3902288fcc2e, type: 3}
      propertyPath: m_RootOrder
      value: 0
      objectReference: {fileID: 0}
    - target: {fileID: 426810, guid: bef19769e972d0741aec3902288fcc2e, type: 3}
      propertyPath: m_LocalScale.x
      value: 4.7776556
      objectReference: {fileID: 0}
    - target: {fileID: 426810, guid: bef19769e972d0741aec3902288fcc2e, type: 3}
      propertyPath: m_LocalScale.y
      value: 1.6726905
      objectReference: {fileID: 0}
    - target: {fileID: 426810, guid: bef19769e972d0741aec3902288fcc2e, type: 3}
      propertyPath: m_LocalScale.z
      value: 1.6726905
      objectReference: {fileID: 0}
    m_RemovedComponents: []
  m_SourcePrefab: {fileID: 100100000, guid: bef19769e972d0741aec3902288fcc2e, type: 3}
--- !u!4 &6828839059818225479 stripped
Transform:
  m_CorrespondingSourceObject: {fileID: 426810, guid: bef19769e972d0741aec3902288fcc2e,
    type: 3}
  m_PrefabInstance: {fileID: 6828839059817864317}
  m_PrefabAsset: {fileID: 0}
--- !u!1001 &6828839060035006781
PrefabInstance:
  m_ObjectHideFlags: 0
  serializedVersion: 2
  m_Modification:
    m_TransformParent: {fileID: 6828839059266432737}
    m_Modifications:
    - target: {fileID: 115846, guid: bef19769e972d0741aec3902288fcc2e, type: 3}
      propertyPath: m_Name
      value: Cloud_04 (1)
      objectReference: {fileID: 0}
    - target: {fileID: 426810, guid: bef19769e972d0741aec3902288fcc2e, type: 3}
      propertyPath: m_LocalPosition.x
      value: 889.9611
      objectReference: {fileID: 0}
    - target: {fileID: 426810, guid: bef19769e972d0741aec3902288fcc2e, type: 3}
      propertyPath: m_LocalPosition.y
      value: 52.884308
      objectReference: {fileID: 0}
    - target: {fileID: 426810, guid: bef19769e972d0741aec3902288fcc2e, type: 3}
      propertyPath: m_LocalPosition.z
      value: -164.94763
      objectReference: {fileID: 0}
    - target: {fileID: 426810, guid: bef19769e972d0741aec3902288fcc2e, type: 3}
      propertyPath: m_LocalRotation.x
      value: 0
      objectReference: {fileID: 0}
    - target: {fileID: 426810, guid: bef19769e972d0741aec3902288fcc2e, type: 3}
      propertyPath: m_LocalRotation.y
      value: 0
      objectReference: {fileID: 0}
    - target: {fileID: 426810, guid: bef19769e972d0741aec3902288fcc2e, type: 3}
      propertyPath: m_LocalRotation.z
      value: 0.9999432
      objectReference: {fileID: 0}
    - target: {fileID: 426810, guid: bef19769e972d0741aec3902288fcc2e, type: 3}
      propertyPath: m_LocalRotation.w
      value: -0.01066381
      objectReference: {fileID: 0}
    - target: {fileID: 426810, guid: bef19769e972d0741aec3902288fcc2e, type: 3}
      propertyPath: m_RootOrder
      value: 5
      objectReference: {fileID: 0}
    - target: {fileID: 426810, guid: bef19769e972d0741aec3902288fcc2e, type: 3}
      propertyPath: m_LocalScale.x
      value: 9.579204
      objectReference: {fileID: 0}
    - target: {fileID: 426810, guid: bef19769e972d0741aec3902288fcc2e, type: 3}
      propertyPath: m_LocalScale.y
      value: 1.761334
      objectReference: {fileID: 0}
    - target: {fileID: 426810, guid: bef19769e972d0741aec3902288fcc2e, type: 3}
      propertyPath: m_LocalScale.z
      value: 1.7799804
      objectReference: {fileID: 0}
    m_RemovedComponents: []
  m_SourcePrefab: {fileID: 100100000, guid: bef19769e972d0741aec3902288fcc2e, type: 3}
--- !u!4 &6828839060035105287 stripped
Transform:
  m_CorrespondingSourceObject: {fileID: 426810, guid: bef19769e972d0741aec3902288fcc2e,
    type: 3}
  m_PrefabInstance: {fileID: 6828839060035006781}
  m_PrefabAsset: {fileID: 0}
--- !u!1001 &6828839060101912848
PrefabInstance:
  m_ObjectHideFlags: 0
  serializedVersion: 2
  m_Modification:
    m_TransformParent: {fileID: 6828839059055286326}
    m_Modifications:
    - target: {fileID: 426810, guid: bef19769e972d0741aec3902288fcc2e, type: 3}
      propertyPath: m_LocalPosition.x
      value: 36.961136
      objectReference: {fileID: 0}
    - target: {fileID: 426810, guid: bef19769e972d0741aec3902288fcc2e, type: 3}
      propertyPath: m_LocalPosition.y
      value: -48.115692
      objectReference: {fileID: 0}
    - target: {fileID: 426810, guid: bef19769e972d0741aec3902288fcc2e, type: 3}
      propertyPath: m_LocalPosition.z
      value: -119.1
      objectReference: {fileID: 0}
    - target: {fileID: 426810, guid: bef19769e972d0741aec3902288fcc2e, type: 3}
      propertyPath: m_LocalRotation.x
      value: 0
      objectReference: {fileID: 0}
    - target: {fileID: 426810, guid: bef19769e972d0741aec3902288fcc2e, type: 3}
      propertyPath: m_LocalRotation.y
      value: 0
      objectReference: {fileID: 0}
    - target: {fileID: 426810, guid: bef19769e972d0741aec3902288fcc2e, type: 3}
      propertyPath: m_LocalRotation.z
      value: 0
      objectReference: {fileID: 0}
    - target: {fileID: 426810, guid: bef19769e972d0741aec3902288fcc2e, type: 3}
      propertyPath: m_LocalRotation.w
      value: 1
      objectReference: {fileID: 0}
    - target: {fileID: 426810, guid: bef19769e972d0741aec3902288fcc2e, type: 3}
      propertyPath: m_RootOrder
      value: 0
      objectReference: {fileID: 0}
    - target: {fileID: 426810, guid: bef19769e972d0741aec3902288fcc2e, type: 3}
      propertyPath: m_LocalScale.x
      value: 4.7776556
      objectReference: {fileID: 0}
    - target: {fileID: 426810, guid: bef19769e972d0741aec3902288fcc2e, type: 3}
      propertyPath: m_LocalScale.y
      value: 1.6726905
      objectReference: {fileID: 0}
    - target: {fileID: 426810, guid: bef19769e972d0741aec3902288fcc2e, type: 3}
      propertyPath: m_LocalScale.z
      value: 1.6726905
      objectReference: {fileID: 0}
    m_RemovedComponents: []
  m_SourcePrefab: {fileID: 100100000, guid: bef19769e972d0741aec3902288fcc2e, type: 3}
--- !u!4 &6828839060101487146 stripped
Transform:
  m_CorrespondingSourceObject: {fileID: 426810, guid: bef19769e972d0741aec3902288fcc2e,
    type: 3}
  m_PrefabInstance: {fileID: 6828839060101912848}
  m_PrefabAsset: {fileID: 0}
--- !u!1001 &6828839060179140280
PrefabInstance:
  m_ObjectHideFlags: 0
  serializedVersion: 2
  m_Modification:
    m_TransformParent: {fileID: 6828839059124909459}
    m_Modifications:
    - target: {fileID: 160454, guid: 8ec774c4def159e4dba49882bd591326, type: 3}
      propertyPath: m_Name
      value: Cloud_03 (1)
      objectReference: {fileID: 0}
    - target: {fileID: 493682, guid: 8ec774c4def159e4dba49882bd591326, type: 3}
      propertyPath: m_LocalPosition.x
      value: -297.43884
      objectReference: {fileID: 0}
    - target: {fileID: 493682, guid: 8ec774c4def159e4dba49882bd591326, type: 3}
      propertyPath: m_LocalPosition.y
      value: 37.884308
      objectReference: {fileID: 0}
    - target: {fileID: 493682, guid: 8ec774c4def159e4dba49882bd591326, type: 3}
      propertyPath: m_LocalPosition.z
      value: -169.13126
      objectReference: {fileID: 0}
    - target: {fileID: 493682, guid: 8ec774c4def159e4dba49882bd591326, type: 3}
      propertyPath: m_LocalRotation.x
      value: 0
      objectReference: {fileID: 0}
    - target: {fileID: 493682, guid: 8ec774c4def159e4dba49882bd591326, type: 3}
      propertyPath: m_LocalRotation.y
      value: -1
      objectReference: {fileID: 0}
    - target: {fileID: 493682, guid: 8ec774c4def159e4dba49882bd591326, type: 3}
      propertyPath: m_LocalRotation.z
      value: 0
      objectReference: {fileID: 0}
    - target: {fileID: 493682, guid: 8ec774c4def159e4dba49882bd591326, type: 3}
      propertyPath: m_LocalRotation.w
      value: 0.000000059604645
      objectReference: {fileID: 0}
    - target: {fileID: 493682, guid: 8ec774c4def159e4dba49882bd591326, type: 3}
      propertyPath: m_RootOrder
      value: 4
      objectReference: {fileID: 0}
    - target: {fileID: 493682, guid: 8ec774c4def159e4dba49882bd591326, type: 3}
      propertyPath: m_LocalScale.x
      value: 6.9703445
      objectReference: {fileID: 0}
    - target: {fileID: 493682, guid: 8ec774c4def159e4dba49882bd591326, type: 3}
      propertyPath: m_LocalScale.y
      value: 4.4266863
      objectReference: {fileID: 0}
    - target: {fileID: 493682, guid: 8ec774c4def159e4dba49882bd591326, type: 3}
      propertyPath: m_LocalScale.z
      value: 4.4266863
      objectReference: {fileID: 0}
    m_RemovedComponents: []
  m_SourcePrefab: {fileID: 100100000, guid: 8ec774c4def159e4dba49882bd591326, type: 3}
--- !u!4 &6828839060179367626 stripped
Transform:
  m_CorrespondingSourceObject: {fileID: 493682, guid: 8ec774c4def159e4dba49882bd591326,
    type: 3}
  m_PrefabInstance: {fileID: 6828839060179140280}
  m_PrefabAsset: {fileID: 0}
--- !u!1001 &6828839060179258012
PrefabInstance:
  m_ObjectHideFlags: 0
  serializedVersion: 2
  m_Modification:
    m_TransformParent: {fileID: 6828839059124909459}
    m_Modifications:
    - target: {fileID: 115772, guid: 98c20755924aa5d499600058295661ee, type: 3}
      propertyPath: m_Name
      value: Cloud_02 (1)
      objectReference: {fileID: 0}
    - target: {fileID: 443158, guid: 98c20755924aa5d499600058295661ee, type: 3}
      propertyPath: m_LocalPosition.x
      value: 551.38116
      objectReference: {fileID: 0}
    - target: {fileID: 443158, guid: 98c20755924aa5d499600058295661ee, type: 3}
      propertyPath: m_LocalPosition.y
      value: -133.76569
      objectReference: {fileID: 0}
    - target: {fileID: 443158, guid: 98c20755924aa5d499600058295661ee, type: 3}
      propertyPath: m_LocalPosition.z
      value: 80.83237
      objectReference: {fileID: 0}
    - target: {fileID: 443158, guid: 98c20755924aa5d499600058295661ee, type: 3}
      propertyPath: m_LocalRotation.x
      value: 0.005696909
      objectReference: {fileID: 0}
    - target: {fileID: 443158, guid: 98c20755924aa5d499600058295661ee, type: 3}
      propertyPath: m_LocalRotation.y
      value: -0.19805254
      objectReference: {fileID: 0}
    - target: {fileID: 443158, guid: 98c20755924aa5d499600058295661ee, type: 3}
      propertyPath: m_LocalRotation.z
      value: -0.028182706
      objectReference: {fileID: 0}
    - target: {fileID: 443158, guid: 98c20755924aa5d499600058295661ee, type: 3}
      propertyPath: m_LocalRotation.w
      value: 0.97976965
      objectReference: {fileID: 0}
    - target: {fileID: 443158, guid: 98c20755924aa5d499600058295661ee, type: 3}
      propertyPath: m_RootOrder
      value: 1
      objectReference: {fileID: 0}
    - target: {fileID: 443158, guid: 98c20755924aa5d499600058295661ee, type: 3}
      propertyPath: m_LocalScale.x
      value: 4.268763
      objectReference: {fileID: 0}
    - target: {fileID: 443158, guid: 98c20755924aa5d499600058295661ee, type: 3}
      propertyPath: m_LocalScale.y
      value: 2.5667098
      objectReference: {fileID: 0}
    - target: {fileID: 443158, guid: 98c20755924aa5d499600058295661ee, type: 3}
      propertyPath: m_LocalScale.z
      value: 1.937839
      objectReference: {fileID: 0}
    m_RemovedComponents: []
  m_SourcePrefab: {fileID: 100100000, guid: 98c20755924aa5d499600058295661ee, type: 3}
--- !u!4 &6828839060179175818 stripped
Transform:
  m_CorrespondingSourceObject: {fileID: 443158, guid: 98c20755924aa5d499600058295661ee,
    type: 3}
  m_PrefabInstance: {fileID: 6828839060179258012}
  m_PrefabAsset: {fileID: 0}
--- !u!1001 &6828839060264216011
PrefabInstance:
  m_ObjectHideFlags: 0
  serializedVersion: 2
  m_Modification:
    m_TransformParent: {fileID: 6828839061041785252}
    m_Modifications:
    - target: {fileID: 115772, guid: 98c20755924aa5d499600058295661ee, type: 3}
      propertyPath: m_Name
      value: Cloud_02 (1)
      objectReference: {fileID: 0}
    - target: {fileID: 443158, guid: 98c20755924aa5d499600058295661ee, type: 3}
      propertyPath: m_LocalPosition.x
      value: 551.38116
      objectReference: {fileID: 0}
    - target: {fileID: 443158, guid: 98c20755924aa5d499600058295661ee, type: 3}
      propertyPath: m_LocalPosition.y
      value: -133.76569
      objectReference: {fileID: 0}
    - target: {fileID: 443158, guid: 98c20755924aa5d499600058295661ee, type: 3}
      propertyPath: m_LocalPosition.z
      value: 80.83237
      objectReference: {fileID: 0}
    - target: {fileID: 443158, guid: 98c20755924aa5d499600058295661ee, type: 3}
      propertyPath: m_LocalRotation.x
      value: 0.005696909
      objectReference: {fileID: 0}
    - target: {fileID: 443158, guid: 98c20755924aa5d499600058295661ee, type: 3}
      propertyPath: m_LocalRotation.y
      value: -0.19805254
      objectReference: {fileID: 0}
    - target: {fileID: 443158, guid: 98c20755924aa5d499600058295661ee, type: 3}
      propertyPath: m_LocalRotation.z
      value: -0.028182706
      objectReference: {fileID: 0}
    - target: {fileID: 443158, guid: 98c20755924aa5d499600058295661ee, type: 3}
      propertyPath: m_LocalRotation.w
      value: 0.97976965
      objectReference: {fileID: 0}
    - target: {fileID: 443158, guid: 98c20755924aa5d499600058295661ee, type: 3}
      propertyPath: m_RootOrder
      value: 1
      objectReference: {fileID: 0}
    - target: {fileID: 443158, guid: 98c20755924aa5d499600058295661ee, type: 3}
      propertyPath: m_LocalScale.x
      value: 4.268763
      objectReference: {fileID: 0}
    - target: {fileID: 443158, guid: 98c20755924aa5d499600058295661ee, type: 3}
      propertyPath: m_LocalScale.y
      value: 2.5667098
      objectReference: {fileID: 0}
    - target: {fileID: 443158, guid: 98c20755924aa5d499600058295661ee, type: 3}
      propertyPath: m_LocalScale.z
      value: 1.937839
      objectReference: {fileID: 0}
    m_RemovedComponents: []
  m_SourcePrefab: {fileID: 100100000, guid: 98c20755924aa5d499600058295661ee, type: 3}
--- !u!4 &6828839060264101597 stripped
Transform:
  m_CorrespondingSourceObject: {fileID: 443158, guid: 98c20755924aa5d499600058295661ee,
    type: 3}
  m_PrefabInstance: {fileID: 6828839060264216011}
  m_PrefabAsset: {fileID: 0}
--- !u!1001 &6828839060272541557
PrefabInstance:
  m_ObjectHideFlags: 0
  serializedVersion: 2
  m_Modification:
    m_TransformParent: {fileID: 6828839059386996674}
    m_Modifications:
    - target: {fileID: 443158, guid: 98c20755924aa5d499600058295661ee, type: 3}
      propertyPath: m_LocalPosition.x
      value: -153.96886
      objectReference: {fileID: 0}
    - target: {fileID: 443158, guid: 98c20755924aa5d499600058295661ee, type: 3}
      propertyPath: m_LocalPosition.y
      value: -93.445694
      objectReference: {fileID: 0}
    - target: {fileID: 443158, guid: 98c20755924aa5d499600058295661ee, type: 3}
      propertyPath: m_LocalPosition.z
      value: -177.72763
      objectReference: {fileID: 0}
    - target: {fileID: 443158, guid: 98c20755924aa5d499600058295661ee, type: 3}
      propertyPath: m_LocalRotation.x
      value: 0
      objectReference: {fileID: 0}
    - target: {fileID: 443158, guid: 98c20755924aa5d499600058295661ee, type: 3}
      propertyPath: m_LocalRotation.y
      value: 0
      objectReference: {fileID: 0}
    - target: {fileID: 443158, guid: 98c20755924aa5d499600058295661ee, type: 3}
      propertyPath: m_LocalRotation.z
      value: 0
      objectReference: {fileID: 0}
    - target: {fileID: 443158, guid: 98c20755924aa5d499600058295661ee, type: 3}
      propertyPath: m_LocalRotation.w
      value: 1
      objectReference: {fileID: 0}
    - target: {fileID: 443158, guid: 98c20755924aa5d499600058295661ee, type: 3}
      propertyPath: m_RootOrder
      value: 2
      objectReference: {fileID: 0}
    - target: {fileID: 443158, guid: 98c20755924aa5d499600058295661ee, type: 3}
      propertyPath: m_LocalScale.x
      value: 10.610964
      objectReference: {fileID: 0}
    - target: {fileID: 443158, guid: 98c20755924aa5d499600058295661ee, type: 3}
      propertyPath: m_LocalScale.y
      value: 3.9842844
      objectReference: {fileID: 0}
    - target: {fileID: 443158, guid: 98c20755924aa5d499600058295661ee, type: 3}
      propertyPath: m_LocalScale.z
      value: 3.9842844
      objectReference: {fileID: 0}
    m_RemovedComponents: []
  m_SourcePrefab: {fileID: 100100000, guid: 98c20755924aa5d499600058295661ee, type: 3}
--- !u!4 &6828839060272688227 stripped
Transform:
  m_CorrespondingSourceObject: {fileID: 443158, guid: 98c20755924aa5d499600058295661ee,
    type: 3}
  m_PrefabInstance: {fileID: 6828839060272541557}
  m_PrefabAsset: {fileID: 0}
--- !u!1001 &6828839060366362359
PrefabInstance:
  m_ObjectHideFlags: 0
  serializedVersion: 2
  m_Modification:
    m_TransformParent: {fileID: 6828839059124909459}
    m_Modifications:
    - target: {fileID: 160454, guid: 8ec774c4def159e4dba49882bd591326, type: 3}
      propertyPath: m_Name
      value: Cloud_03 (3)
      objectReference: {fileID: 0}
    - target: {fileID: 493682, guid: 8ec774c4def159e4dba49882bd591326, type: 3}
      propertyPath: m_LocalPosition.x
      value: -522.39996
      objectReference: {fileID: 0}
    - target: {fileID: 493682, guid: 8ec774c4def159e4dba49882bd591326, type: 3}
      propertyPath: m_LocalPosition.y
      value: 32
      objectReference: {fileID: 0}
    - target: {fileID: 493682, guid: 8ec774c4def159e4dba49882bd591326, type: 3}
      propertyPath: m_LocalPosition.z
      value: 600.96875
      objectReference: {fileID: 0}
    - target: {fileID: 493682, guid: 8ec774c4def159e4dba49882bd591326, type: 3}
      propertyPath: m_LocalRotation.x
      value: -0
      objectReference: {fileID: 0}
    - target: {fileID: 493682, guid: 8ec774c4def159e4dba49882bd591326, type: 3}
      propertyPath: m_LocalRotation.y
      value: -1
      objectReference: {fileID: 0}
    - target: {fileID: 493682, guid: 8ec774c4def159e4dba49882bd591326, type: 3}
      propertyPath: m_LocalRotation.z
      value: -0
      objectReference: {fileID: 0}
    - target: {fileID: 493682, guid: 8ec774c4def159e4dba49882bd591326, type: 3}
      propertyPath: m_LocalRotation.w
      value: 0.000000059604645
      objectReference: {fileID: 0}
    - target: {fileID: 493682, guid: 8ec774c4def159e4dba49882bd591326, type: 3}
      propertyPath: m_RootOrder
      value: 10
      objectReference: {fileID: 0}
    - target: {fileID: 493682, guid: 8ec774c4def159e4dba49882bd591326, type: 3}
      propertyPath: m_LocalScale.x
      value: 6.97035
      objectReference: {fileID: 0}
    - target: {fileID: 493682, guid: 8ec774c4def159e4dba49882bd591326, type: 3}
      propertyPath: m_LocalScale.y
      value: 4.42669
      objectReference: {fileID: 0}
    - target: {fileID: 493682, guid: 8ec774c4def159e4dba49882bd591326, type: 3}
      propertyPath: m_LocalScale.z
      value: 4.42669
      objectReference: {fileID: 0}
    m_RemovedComponents: []
  m_SourcePrefab: {fileID: 100100000, guid: 8ec774c4def159e4dba49882bd591326, type: 3}
--- !u!4 &6828839060366462597 stripped
Transform:
  m_CorrespondingSourceObject: {fileID: 493682, guid: 8ec774c4def159e4dba49882bd591326,
    type: 3}
  m_PrefabInstance: {fileID: 6828839060366362359}
  m_PrefabAsset: {fileID: 0}
--- !u!1001 &6828839060464818485
PrefabInstance:
  m_ObjectHideFlags: 0
  serializedVersion: 2
  m_Modification:
    m_TransformParent: {fileID: 6828839059386996674}
    m_Modifications:
    - target: {fileID: 115846, guid: bef19769e972d0741aec3902288fcc2e, type: 3}
      propertyPath: m_Name
      value: Cloud_04 (1)
      objectReference: {fileID: 0}
    - target: {fileID: 426810, guid: bef19769e972d0741aec3902288fcc2e, type: 3}
      propertyPath: m_LocalPosition.x
      value: 889.9611
      objectReference: {fileID: 0}
    - target: {fileID: 426810, guid: bef19769e972d0741aec3902288fcc2e, type: 3}
      propertyPath: m_LocalPosition.y
      value: 52.884308
      objectReference: {fileID: 0}
    - target: {fileID: 426810, guid: bef19769e972d0741aec3902288fcc2e, type: 3}
      propertyPath: m_LocalPosition.z
      value: -164.94763
      objectReference: {fileID: 0}
    - target: {fileID: 426810, guid: bef19769e972d0741aec3902288fcc2e, type: 3}
      propertyPath: m_LocalRotation.x
      value: 0
      objectReference: {fileID: 0}
    - target: {fileID: 426810, guid: bef19769e972d0741aec3902288fcc2e, type: 3}
      propertyPath: m_LocalRotation.y
      value: 0
      objectReference: {fileID: 0}
    - target: {fileID: 426810, guid: bef19769e972d0741aec3902288fcc2e, type: 3}
      propertyPath: m_LocalRotation.z
      value: 0.9999432
      objectReference: {fileID: 0}
    - target: {fileID: 426810, guid: bef19769e972d0741aec3902288fcc2e, type: 3}
      propertyPath: m_LocalRotation.w
      value: -0.01066381
      objectReference: {fileID: 0}
    - target: {fileID: 426810, guid: bef19769e972d0741aec3902288fcc2e, type: 3}
      propertyPath: m_RootOrder
      value: 5
      objectReference: {fileID: 0}
    - target: {fileID: 426810, guid: bef19769e972d0741aec3902288fcc2e, type: 3}
      propertyPath: m_LocalScale.x
      value: 9.579204
      objectReference: {fileID: 0}
    - target: {fileID: 426810, guid: bef19769e972d0741aec3902288fcc2e, type: 3}
      propertyPath: m_LocalScale.y
      value: 1.761334
      objectReference: {fileID: 0}
    - target: {fileID: 426810, guid: bef19769e972d0741aec3902288fcc2e, type: 3}
      propertyPath: m_LocalScale.z
      value: 1.7799804
      objectReference: {fileID: 0}
    m_RemovedComponents: []
  m_SourcePrefab: {fileID: 100100000, guid: bef19769e972d0741aec3902288fcc2e, type: 3}
--- !u!4 &6828839060465244687 stripped
Transform:
  m_CorrespondingSourceObject: {fileID: 426810, guid: bef19769e972d0741aec3902288fcc2e,
    type: 3}
  m_PrefabInstance: {fileID: 6828839060464818485}
  m_PrefabAsset: {fileID: 0}
--- !u!1001 &6828839060488183705
PrefabInstance:
  m_ObjectHideFlags: 0
  serializedVersion: 2
  m_Modification:
    m_TransformParent: {fileID: 6828839059055286326}
    m_Modifications:
    - target: {fileID: 115846, guid: bef19769e972d0741aec3902288fcc2e, type: 3}
      propertyPath: m_Name
      value: Cloud_04 (1)
      objectReference: {fileID: 0}
    - target: {fileID: 426810, guid: bef19769e972d0741aec3902288fcc2e, type: 3}
      propertyPath: m_LocalPosition.x
      value: 889.9611
      objectReference: {fileID: 0}
    - target: {fileID: 426810, guid: bef19769e972d0741aec3902288fcc2e, type: 3}
      propertyPath: m_LocalPosition.y
      value: 52.884308
      objectReference: {fileID: 0}
    - target: {fileID: 426810, guid: bef19769e972d0741aec3902288fcc2e, type: 3}
      propertyPath: m_LocalPosition.z
      value: -164.94763
      objectReference: {fileID: 0}
    - target: {fileID: 426810, guid: bef19769e972d0741aec3902288fcc2e, type: 3}
      propertyPath: m_LocalRotation.x
      value: 0
      objectReference: {fileID: 0}
    - target: {fileID: 426810, guid: bef19769e972d0741aec3902288fcc2e, type: 3}
      propertyPath: m_LocalRotation.y
      value: 0
      objectReference: {fileID: 0}
    - target: {fileID: 426810, guid: bef19769e972d0741aec3902288fcc2e, type: 3}
      propertyPath: m_LocalRotation.z
      value: 0.9999432
      objectReference: {fileID: 0}
    - target: {fileID: 426810, guid: bef19769e972d0741aec3902288fcc2e, type: 3}
      propertyPath: m_LocalRotation.w
      value: -0.01066381
      objectReference: {fileID: 0}
    - target: {fileID: 426810, guid: bef19769e972d0741aec3902288fcc2e, type: 3}
      propertyPath: m_RootOrder
      value: 5
      objectReference: {fileID: 0}
    - target: {fileID: 426810, guid: bef19769e972d0741aec3902288fcc2e, type: 3}
      propertyPath: m_LocalScale.x
      value: 9.579204
      objectReference: {fileID: 0}
    - target: {fileID: 426810, guid: bef19769e972d0741aec3902288fcc2e, type: 3}
      propertyPath: m_LocalScale.y
      value: 1.761334
      objectReference: {fileID: 0}
    - target: {fileID: 426810, guid: bef19769e972d0741aec3902288fcc2e, type: 3}
      propertyPath: m_LocalScale.z
      value: 1.7799804
      objectReference: {fileID: 0}
    m_RemovedComponents: []
  m_SourcePrefab: {fileID: 100100000, guid: bef19769e972d0741aec3902288fcc2e, type: 3}
--- !u!4 &6828839060488019107 stripped
Transform:
  m_CorrespondingSourceObject: {fileID: 426810, guid: bef19769e972d0741aec3902288fcc2e,
    type: 3}
  m_PrefabInstance: {fileID: 6828839060488183705}
  m_PrefabAsset: {fileID: 0}
--- !u!1001 &6828839060489538979
PrefabInstance:
  m_ObjectHideFlags: 0
  serializedVersion: 2
  m_Modification:
    m_TransformParent: {fileID: 6828839059124909459}
    m_Modifications:
    - target: {fileID: 115846, guid: bef19769e972d0741aec3902288fcc2e, type: 3}
      propertyPath: m_Name
      value: Cloud_04 (3)
      objectReference: {fileID: 0}
    - target: {fileID: 426810, guid: bef19769e972d0741aec3902288fcc2e, type: 3}
      propertyPath: m_LocalPosition.x
      value: 665
      objectReference: {fileID: 0}
    - target: {fileID: 426810, guid: bef19769e972d0741aec3902288fcc2e, type: 3}
      propertyPath: m_LocalPosition.y
      value: 47
      objectReference: {fileID: 0}
    - target: {fileID: 426810, guid: bef19769e972d0741aec3902288fcc2e, type: 3}
      propertyPath: m_LocalPosition.z
      value: 605.15234
      objectReference: {fileID: 0}
    - target: {fileID: 426810, guid: bef19769e972d0741aec3902288fcc2e, type: 3}
      propertyPath: m_LocalRotation.x
      value: -0
      objectReference: {fileID: 0}
    - target: {fileID: 426810, guid: bef19769e972d0741aec3902288fcc2e, type: 3}
      propertyPath: m_LocalRotation.y
      value: -0
      objectReference: {fileID: 0}
    - target: {fileID: 426810, guid: bef19769e972d0741aec3902288fcc2e, type: 3}
      propertyPath: m_LocalRotation.z
      value: 0.9999432
      objectReference: {fileID: 0}
    - target: {fileID: 426810, guid: bef19769e972d0741aec3902288fcc2e, type: 3}
      propertyPath: m_LocalRotation.w
      value: -0.01066381
      objectReference: {fileID: 0}
    - target: {fileID: 426810, guid: bef19769e972d0741aec3902288fcc2e, type: 3}
      propertyPath: m_RootOrder
      value: 11
      objectReference: {fileID: 0}
    - target: {fileID: 426810, guid: bef19769e972d0741aec3902288fcc2e, type: 3}
      propertyPath: m_LocalScale.x
      value: 9.579217
      objectReference: {fileID: 0}
    - target: {fileID: 426810, guid: bef19769e972d0741aec3902288fcc2e, type: 3}
      propertyPath: m_LocalScale.y
      value: 1.7613317
      objectReference: {fileID: 0}
    - target: {fileID: 426810, guid: bef19769e972d0741aec3902288fcc2e, type: 3}
      propertyPath: m_LocalScale.z
      value: 1.77998
      objectReference: {fileID: 0}
    m_RemovedComponents: []
  m_SourcePrefab: {fileID: 100100000, guid: bef19769e972d0741aec3902288fcc2e, type: 3}
--- !u!4 &6828839060489637529 stripped
Transform:
  m_CorrespondingSourceObject: {fileID: 426810, guid: bef19769e972d0741aec3902288fcc2e,
    type: 3}
  m_PrefabInstance: {fileID: 6828839060489538979}
  m_PrefabAsset: {fileID: 0}
--- !u!1001 &6828839060498097806
PrefabInstance:
  m_ObjectHideFlags: 0
  serializedVersion: 2
  m_Modification:
    m_TransformParent: {fileID: 6828839061041785252}
    m_Modifications:
    - target: {fileID: 443158, guid: 98c20755924aa5d499600058295661ee, type: 3}
      propertyPath: m_LocalPosition.x
      value: -153.96886
      objectReference: {fileID: 0}
    - target: {fileID: 443158, guid: 98c20755924aa5d499600058295661ee, type: 3}
      propertyPath: m_LocalPosition.y
      value: -93.445694
      objectReference: {fileID: 0}
    - target: {fileID: 443158, guid: 98c20755924aa5d499600058295661ee, type: 3}
      propertyPath: m_LocalPosition.z
      value: -177.72763
      objectReference: {fileID: 0}
    - target: {fileID: 443158, guid: 98c20755924aa5d499600058295661ee, type: 3}
      propertyPath: m_LocalRotation.x
      value: 0
      objectReference: {fileID: 0}
    - target: {fileID: 443158, guid: 98c20755924aa5d499600058295661ee, type: 3}
      propertyPath: m_LocalRotation.y
      value: 0
      objectReference: {fileID: 0}
    - target: {fileID: 443158, guid: 98c20755924aa5d499600058295661ee, type: 3}
      propertyPath: m_LocalRotation.z
      value: 0
      objectReference: {fileID: 0}
    - target: {fileID: 443158, guid: 98c20755924aa5d499600058295661ee, type: 3}
      propertyPath: m_LocalRotation.w
      value: 1
      objectReference: {fileID: 0}
    - target: {fileID: 443158, guid: 98c20755924aa5d499600058295661ee, type: 3}
      propertyPath: m_RootOrder
      value: 2
      objectReference: {fileID: 0}
    - target: {fileID: 443158, guid: 98c20755924aa5d499600058295661ee, type: 3}
      propertyPath: m_LocalScale.x
      value: 10.610964
      objectReference: {fileID: 0}
    - target: {fileID: 443158, guid: 98c20755924aa5d499600058295661ee, type: 3}
      propertyPath: m_LocalScale.y
      value: 3.9842844
      objectReference: {fileID: 0}
    - target: {fileID: 443158, guid: 98c20755924aa5d499600058295661ee, type: 3}
      propertyPath: m_LocalScale.z
      value: 3.9842844
      objectReference: {fileID: 0}
    m_RemovedComponents: []
  m_SourcePrefab: {fileID: 100100000, guid: 98c20755924aa5d499600058295661ee, type: 3}
--- !u!4 &6828839060498015640 stripped
Transform:
  m_CorrespondingSourceObject: {fileID: 443158, guid: 98c20755924aa5d499600058295661ee,
    type: 3}
  m_PrefabInstance: {fileID: 6828839060498097806}
  m_PrefabAsset: {fileID: 0}
--- !u!1001 &6828839060536494172
PrefabInstance:
  m_ObjectHideFlags: 0
  serializedVersion: 2
  m_Modification:
    m_TransformParent: {fileID: 6828839059055286326}
    m_Modifications:
    - target: {fileID: 493682, guid: 8ec774c4def159e4dba49882bd591326, type: 3}
      propertyPath: m_LocalPosition.x
      value: 369.96112
      objectReference: {fileID: 0}
    - target: {fileID: 493682, guid: 8ec774c4def159e4dba49882bd591326, type: 3}
      propertyPath: m_LocalPosition.y
      value: -39.115692
      objectReference: {fileID: 0}
    - target: {fileID: 493682, guid: 8ec774c4def159e4dba49882bd591326, type: 3}
      propertyPath: m_LocalPosition.z
      value: -162.31763
      objectReference: {fileID: 0}
    - target: {fileID: 493682, guid: 8ec774c4def159e4dba49882bd591326, type: 3}
      propertyPath: m_LocalRotation.x
      value: 0
      objectReference: {fileID: 0}
    - target: {fileID: 493682, guid: 8ec774c4def159e4dba49882bd591326, type: 3}
      propertyPath: m_LocalRotation.y
      value: 0
      objectReference: {fileID: 0}
    - target: {fileID: 493682, guid: 8ec774c4def159e4dba49882bd591326, type: 3}
      propertyPath: m_LocalRotation.z
      value: 0
      objectReference: {fileID: 0}
    - target: {fileID: 493682, guid: 8ec774c4def159e4dba49882bd591326, type: 3}
      propertyPath: m_LocalRotation.w
      value: 1
      objectReference: {fileID: 0}
    - target: {fileID: 493682, guid: 8ec774c4def159e4dba49882bd591326, type: 3}
      propertyPath: m_RootOrder
      value: 3
      objectReference: {fileID: 0}
    - target: {fileID: 493682, guid: 8ec774c4def159e4dba49882bd591326, type: 3}
      propertyPath: m_LocalScale.x
      value: 8.853376
      objectReference: {fileID: 0}
    - target: {fileID: 493682, guid: 8ec774c4def159e4dba49882bd591326, type: 3}
      propertyPath: m_LocalScale.y
      value: 4.4266863
      objectReference: {fileID: 0}
    - target: {fileID: 493682, guid: 8ec774c4def159e4dba49882bd591326, type: 3}
      propertyPath: m_LocalScale.z
      value: 4.4266863
      objectReference: {fileID: 0}
    m_RemovedComponents: []
  m_SourcePrefab: {fileID: 100100000, guid: 8ec774c4def159e4dba49882bd591326, type: 3}
--- !u!4 &6828839060536066094 stripped
Transform:
  m_CorrespondingSourceObject: {fileID: 493682, guid: 8ec774c4def159e4dba49882bd591326,
    type: 3}
  m_PrefabInstance: {fileID: 6828839060536494172}
  m_PrefabAsset: {fileID: 0}
--- !u!1001 &6828839060569993149
PrefabInstance:
  m_ObjectHideFlags: 0
  serializedVersion: 2
  m_Modification:
    m_TransformParent: {fileID: 6828839059266432737}
    m_Modifications:
    - target: {fileID: 160454, guid: 8ec774c4def159e4dba49882bd591326, type: 3}
      propertyPath: m_Name
      value: Cloud_03 (1)
      objectReference: {fileID: 0}
    - target: {fileID: 493682, guid: 8ec774c4def159e4dba49882bd591326, type: 3}
      propertyPath: m_LocalPosition.x
      value: -297.43884
      objectReference: {fileID: 0}
    - target: {fileID: 493682, guid: 8ec774c4def159e4dba49882bd591326, type: 3}
      propertyPath: m_LocalPosition.y
      value: 37.884308
      objectReference: {fileID: 0}
    - target: {fileID: 493682, guid: 8ec774c4def159e4dba49882bd591326, type: 3}
      propertyPath: m_LocalPosition.z
      value: -169.13126
      objectReference: {fileID: 0}
    - target: {fileID: 493682, guid: 8ec774c4def159e4dba49882bd591326, type: 3}
      propertyPath: m_LocalRotation.x
      value: 0
      objectReference: {fileID: 0}
    - target: {fileID: 493682, guid: 8ec774c4def159e4dba49882bd591326, type: 3}
      propertyPath: m_LocalRotation.y
      value: -1
      objectReference: {fileID: 0}
    - target: {fileID: 493682, guid: 8ec774c4def159e4dba49882bd591326, type: 3}
      propertyPath: m_LocalRotation.z
      value: 0
      objectReference: {fileID: 0}
    - target: {fileID: 493682, guid: 8ec774c4def159e4dba49882bd591326, type: 3}
      propertyPath: m_LocalRotation.w
      value: 0.000000059604645
      objectReference: {fileID: 0}
    - target: {fileID: 493682, guid: 8ec774c4def159e4dba49882bd591326, type: 3}
      propertyPath: m_RootOrder
      value: 4
      objectReference: {fileID: 0}
    - target: {fileID: 493682, guid: 8ec774c4def159e4dba49882bd591326, type: 3}
      propertyPath: m_LocalScale.x
      value: 6.9703445
      objectReference: {fileID: 0}
    - target: {fileID: 493682, guid: 8ec774c4def159e4dba49882bd591326, type: 3}
      propertyPath: m_LocalScale.y
      value: 4.4266863
      objectReference: {fileID: 0}
    - target: {fileID: 493682, guid: 8ec774c4def159e4dba49882bd591326, type: 3}
      propertyPath: m_LocalScale.z
      value: 4.4266863
      objectReference: {fileID: 0}
    m_RemovedComponents: []
  m_SourcePrefab: {fileID: 100100000, guid: 8ec774c4def159e4dba49882bd591326, type: 3}
--- !u!4 &6828839060569696207 stripped
Transform:
  m_CorrespondingSourceObject: {fileID: 493682, guid: 8ec774c4def159e4dba49882bd591326,
    type: 3}
  m_PrefabInstance: {fileID: 6828839060569993149}
  m_PrefabAsset: {fileID: 0}
--- !u!1001 &6828839060742894378
PrefabInstance:
  m_ObjectHideFlags: 0
  serializedVersion: 2
  m_Modification:
    m_TransformParent: {fileID: 6828839059266432737}
    m_Modifications:
    - target: {fileID: 493682, guid: 8ec774c4def159e4dba49882bd591326, type: 3}
      propertyPath: m_LocalPosition.x
      value: 369.96112
      objectReference: {fileID: 0}
    - target: {fileID: 493682, guid: 8ec774c4def159e4dba49882bd591326, type: 3}
      propertyPath: m_LocalPosition.y
      value: -39.115692
      objectReference: {fileID: 0}
    - target: {fileID: 493682, guid: 8ec774c4def159e4dba49882bd591326, type: 3}
      propertyPath: m_LocalPosition.z
      value: -162.31763
      objectReference: {fileID: 0}
    - target: {fileID: 493682, guid: 8ec774c4def159e4dba49882bd591326, type: 3}
      propertyPath: m_LocalRotation.x
      value: 0
      objectReference: {fileID: 0}
    - target: {fileID: 493682, guid: 8ec774c4def159e4dba49882bd591326, type: 3}
      propertyPath: m_LocalRotation.y
      value: 0
      objectReference: {fileID: 0}
    - target: {fileID: 493682, guid: 8ec774c4def159e4dba49882bd591326, type: 3}
      propertyPath: m_LocalRotation.z
      value: 0
      objectReference: {fileID: 0}
    - target: {fileID: 493682, guid: 8ec774c4def159e4dba49882bd591326, type: 3}
      propertyPath: m_LocalRotation.w
      value: 1
      objectReference: {fileID: 0}
    - target: {fileID: 493682, guid: 8ec774c4def159e4dba49882bd591326, type: 3}
      propertyPath: m_RootOrder
      value: 3
      objectReference: {fileID: 0}
    - target: {fileID: 493682, guid: 8ec774c4def159e4dba49882bd591326, type: 3}
      propertyPath: m_LocalScale.x
      value: 8.853376
      objectReference: {fileID: 0}
    - target: {fileID: 493682, guid: 8ec774c4def159e4dba49882bd591326, type: 3}
      propertyPath: m_LocalScale.y
      value: 4.4266863
      objectReference: {fileID: 0}
    - target: {fileID: 493682, guid: 8ec774c4def159e4dba49882bd591326, type: 3}
      propertyPath: m_LocalScale.z
      value: 4.4266863
      objectReference: {fileID: 0}
    m_RemovedComponents: []
  m_SourcePrefab: {fileID: 100100000, guid: 8ec774c4def159e4dba49882bd591326, type: 3}
--- !u!4 &6828839060742863704 stripped
Transform:
  m_CorrespondingSourceObject: {fileID: 493682, guid: 8ec774c4def159e4dba49882bd591326,
    type: 3}
  m_PrefabInstance: {fileID: 6828839060742894378}
  m_PrefabAsset: {fileID: 0}
--- !u!1001 &6828839060797580990
PrefabInstance:
  m_ObjectHideFlags: 0
  serializedVersion: 2
  m_Modification:
    m_TransformParent: {fileID: 6828839059124909459}
    m_Modifications:
    - target: {fileID: 443158, guid: 98c20755924aa5d499600058295661ee, type: 3}
      propertyPath: m_LocalPosition.x
      value: -153.96886
      objectReference: {fileID: 0}
    - target: {fileID: 443158, guid: 98c20755924aa5d499600058295661ee, type: 3}
      propertyPath: m_LocalPosition.y
      value: -93.445694
      objectReference: {fileID: 0}
    - target: {fileID: 443158, guid: 98c20755924aa5d499600058295661ee, type: 3}
      propertyPath: m_LocalPosition.z
      value: -177.72763
      objectReference: {fileID: 0}
    - target: {fileID: 443158, guid: 98c20755924aa5d499600058295661ee, type: 3}
      propertyPath: m_LocalRotation.x
      value: 0
      objectReference: {fileID: 0}
    - target: {fileID: 443158, guid: 98c20755924aa5d499600058295661ee, type: 3}
      propertyPath: m_LocalRotation.y
      value: 0
      objectReference: {fileID: 0}
    - target: {fileID: 443158, guid: 98c20755924aa5d499600058295661ee, type: 3}
      propertyPath: m_LocalRotation.z
      value: 0
      objectReference: {fileID: 0}
    - target: {fileID: 443158, guid: 98c20755924aa5d499600058295661ee, type: 3}
      propertyPath: m_LocalRotation.w
      value: 1
      objectReference: {fileID: 0}
    - target: {fileID: 443158, guid: 98c20755924aa5d499600058295661ee, type: 3}
      propertyPath: m_RootOrder
      value: 2
      objectReference: {fileID: 0}
    - target: {fileID: 443158, guid: 98c20755924aa5d499600058295661ee, type: 3}
      propertyPath: m_LocalScale.x
      value: 10.610964
      objectReference: {fileID: 0}
    - target: {fileID: 443158, guid: 98c20755924aa5d499600058295661ee, type: 3}
      propertyPath: m_LocalScale.y
      value: 3.9842844
      objectReference: {fileID: 0}
    - target: {fileID: 443158, guid: 98c20755924aa5d499600058295661ee, type: 3}
      propertyPath: m_LocalScale.z
      value: 3.9842844
      objectReference: {fileID: 0}
    m_RemovedComponents: []
  m_SourcePrefab: {fileID: 100100000, guid: 98c20755924aa5d499600058295661ee, type: 3}
--- !u!4 &6828839060797138344 stripped
Transform:
  m_CorrespondingSourceObject: {fileID: 443158, guid: 98c20755924aa5d499600058295661ee,
    type: 3}
  m_PrefabInstance: {fileID: 6828839060797580990}
  m_PrefabAsset: {fileID: 0}
--- !u!1001 &6828839060919380077
PrefabInstance:
  m_ObjectHideFlags: 0
  serializedVersion: 2
  m_Modification:
    m_TransformParent: {fileID: 6828839061041785252}
    m_Modifications:
    - target: {fileID: 493682, guid: 8ec774c4def159e4dba49882bd591326, type: 3}
      propertyPath: m_LocalPosition.x
      value: 369.96112
      objectReference: {fileID: 0}
    - target: {fileID: 493682, guid: 8ec774c4def159e4dba49882bd591326, type: 3}
      propertyPath: m_LocalPosition.y
      value: -39.115692
      objectReference: {fileID: 0}
    - target: {fileID: 493682, guid: 8ec774c4def159e4dba49882bd591326, type: 3}
      propertyPath: m_LocalPosition.z
      value: -162.31763
      objectReference: {fileID: 0}
    - target: {fileID: 493682, guid: 8ec774c4def159e4dba49882bd591326, type: 3}
      propertyPath: m_LocalRotation.x
      value: 0
      objectReference: {fileID: 0}
    - target: {fileID: 493682, guid: 8ec774c4def159e4dba49882bd591326, type: 3}
      propertyPath: m_LocalRotation.y
      value: 0
      objectReference: {fileID: 0}
    - target: {fileID: 493682, guid: 8ec774c4def159e4dba49882bd591326, type: 3}
      propertyPath: m_LocalRotation.z
      value: 0
      objectReference: {fileID: 0}
    - target: {fileID: 493682, guid: 8ec774c4def159e4dba49882bd591326, type: 3}
      propertyPath: m_LocalRotation.w
      value: 1
      objectReference: {fileID: 0}
    - target: {fileID: 493682, guid: 8ec774c4def159e4dba49882bd591326, type: 3}
      propertyPath: m_RootOrder
      value: 3
      objectReference: {fileID: 0}
    - target: {fileID: 493682, guid: 8ec774c4def159e4dba49882bd591326, type: 3}
      propertyPath: m_LocalScale.x
      value: 8.853376
      objectReference: {fileID: 0}
    - target: {fileID: 493682, guid: 8ec774c4def159e4dba49882bd591326, type: 3}
      propertyPath: m_LocalScale.y
      value: 4.4266863
      objectReference: {fileID: 0}
    - target: {fileID: 493682, guid: 8ec774c4def159e4dba49882bd591326, type: 3}
      propertyPath: m_LocalScale.z
      value: 4.4266863
      objectReference: {fileID: 0}
    m_RemovedComponents: []
  m_SourcePrefab: {fileID: 100100000, guid: 8ec774c4def159e4dba49882bd591326, type: 3}
--- !u!4 &6828839060919738399 stripped
Transform:
  m_CorrespondingSourceObject: {fileID: 493682, guid: 8ec774c4def159e4dba49882bd591326,
    type: 3}
  m_PrefabInstance: {fileID: 6828839060919380077}
  m_PrefabAsset: {fileID: 0}
--- !u!1001 &6828839060924261764
PrefabInstance:
  m_ObjectHideFlags: 0
  serializedVersion: 2
  m_Modification:
    m_TransformParent: {fileID: 6828839059124909459}
    m_Modifications:
    - target: {fileID: 115772, guid: 98c20755924aa5d499600058295661ee, type: 3}
      propertyPath: m_Name
      value: Cloud_02 (3)
      objectReference: {fileID: 0}
    - target: {fileID: 443158, guid: 98c20755924aa5d499600058295661ee, type: 3}
      propertyPath: m_LocalPosition.x
      value: -378.93
      objectReference: {fileID: 0}
    - target: {fileID: 443158, guid: 98c20755924aa5d499600058295661ee, type: 3}
      propertyPath: m_LocalPosition.y
      value: -99.33
      objectReference: {fileID: 0}
    - target: {fileID: 443158, guid: 98c20755924aa5d499600058295661ee, type: 3}
      propertyPath: m_LocalPosition.z
      value: 592.3723
      objectReference: {fileID: 0}
    - target: {fileID: 443158, guid: 98c20755924aa5d499600058295661ee, type: 3}
      propertyPath: m_LocalRotation.x
      value: -0
      objectReference: {fileID: 0}
    - target: {fileID: 443158, guid: 98c20755924aa5d499600058295661ee, type: 3}
      propertyPath: m_LocalRotation.y
      value: -0
      objectReference: {fileID: 0}
    - target: {fileID: 443158, guid: 98c20755924aa5d499600058295661ee, type: 3}
      propertyPath: m_LocalRotation.z
      value: -0
      objectReference: {fileID: 0}
    - target: {fileID: 443158, guid: 98c20755924aa5d499600058295661ee, type: 3}
      propertyPath: m_LocalRotation.w
      value: 1
      objectReference: {fileID: 0}
    - target: {fileID: 443158, guid: 98c20755924aa5d499600058295661ee, type: 3}
      propertyPath: m_RootOrder
      value: 8
      objectReference: {fileID: 0}
    - target: {fileID: 443158, guid: 98c20755924aa5d499600058295661ee, type: 3}
      propertyPath: m_LocalScale.x
      value: 10.61096
      objectReference: {fileID: 0}
    - target: {fileID: 443158, guid: 98c20755924aa5d499600058295661ee, type: 3}
      propertyPath: m_LocalScale.y
      value: 3.9842799
      objectReference: {fileID: 0}
    - target: {fileID: 443158, guid: 98c20755924aa5d499600058295661ee, type: 3}
      propertyPath: m_LocalScale.z
      value: 3.9842799
      objectReference: {fileID: 0}
    m_RemovedComponents: []
  m_SourcePrefab: {fileID: 100100000, guid: 98c20755924aa5d499600058295661ee, type: 3}
--- !u!4 &6828839060924343954 stripped
Transform:
  m_CorrespondingSourceObject: {fileID: 443158, guid: 98c20755924aa5d499600058295661ee,
    type: 3}
  m_PrefabInstance: {fileID: 6828839060924261764}
  m_PrefabAsset: {fileID: 0}
--- !u!1001 &6828839060943418559
PrefabInstance:
  m_ObjectHideFlags: 0
  serializedVersion: 2
  m_Modification:
    m_TransformParent: {fileID: 6828839061041785252}
    m_Modifications:
    - target: {fileID: 426810, guid: bef19769e972d0741aec3902288fcc2e, type: 3}
      propertyPath: m_LocalPosition.x
      value: 36.961136
      objectReference: {fileID: 0}
    - target: {fileID: 426810, guid: bef19769e972d0741aec3902288fcc2e, type: 3}
      propertyPath: m_LocalPosition.y
      value: -48.115692
      objectReference: {fileID: 0}
    - target: {fileID: 426810, guid: bef19769e972d0741aec3902288fcc2e, type: 3}
      propertyPath: m_LocalPosition.z
      value: -119.1
      objectReference: {fileID: 0}
    - target: {fileID: 426810, guid: bef19769e972d0741aec3902288fcc2e, type: 3}
      propertyPath: m_LocalRotation.x
      value: 0
      objectReference: {fileID: 0}
    - target: {fileID: 426810, guid: bef19769e972d0741aec3902288fcc2e, type: 3}
      propertyPath: m_LocalRotation.y
      value: 0
      objectReference: {fileID: 0}
    - target: {fileID: 426810, guid: bef19769e972d0741aec3902288fcc2e, type: 3}
      propertyPath: m_LocalRotation.z
      value: 0
      objectReference: {fileID: 0}
    - target: {fileID: 426810, guid: bef19769e972d0741aec3902288fcc2e, type: 3}
      propertyPath: m_LocalRotation.w
      value: 1
      objectReference: {fileID: 0}
    - target: {fileID: 426810, guid: bef19769e972d0741aec3902288fcc2e, type: 3}
      propertyPath: m_RootOrder
      value: 0
      objectReference: {fileID: 0}
    - target: {fileID: 426810, guid: bef19769e972d0741aec3902288fcc2e, type: 3}
      propertyPath: m_LocalScale.x
      value: 4.7776556
      objectReference: {fileID: 0}
    - target: {fileID: 426810, guid: bef19769e972d0741aec3902288fcc2e, type: 3}
      propertyPath: m_LocalScale.y
      value: 1.6726905
      objectReference: {fileID: 0}
    - target: {fileID: 426810, guid: bef19769e972d0741aec3902288fcc2e, type: 3}
      propertyPath: m_LocalScale.z
      value: 1.6726905
      objectReference: {fileID: 0}
    m_RemovedComponents: []
  m_SourcePrefab: {fileID: 100100000, guid: bef19769e972d0741aec3902288fcc2e, type: 3}
--- !u!4 &6828839060943845253 stripped
Transform:
  m_CorrespondingSourceObject: {fileID: 426810, guid: bef19769e972d0741aec3902288fcc2e,
    type: 3}
  m_PrefabInstance: {fileID: 6828839060943418559}
  m_PrefabAsset: {fileID: 0}
--- !u!1001 &6828839060956248918
PrefabInstance:
  m_ObjectHideFlags: 0
  serializedVersion: 2
  m_Modification:
    m_TransformParent: {fileID: 6828839061041785252}
    m_Modifications:
    - target: {fileID: 160454, guid: 8ec774c4def159e4dba49882bd591326, type: 3}
      propertyPath: m_Name
      value: Cloud_03 (1)
      objectReference: {fileID: 0}
    - target: {fileID: 493682, guid: 8ec774c4def159e4dba49882bd591326, type: 3}
      propertyPath: m_LocalPosition.x
      value: -297.43884
      objectReference: {fileID: 0}
    - target: {fileID: 493682, guid: 8ec774c4def159e4dba49882bd591326, type: 3}
      propertyPath: m_LocalPosition.y
      value: 37.884308
      objectReference: {fileID: 0}
    - target: {fileID: 493682, guid: 8ec774c4def159e4dba49882bd591326, type: 3}
      propertyPath: m_LocalPosition.z
      value: -169.13126
      objectReference: {fileID: 0}
    - target: {fileID: 493682, guid: 8ec774c4def159e4dba49882bd591326, type: 3}
      propertyPath: m_LocalRotation.x
      value: 0
      objectReference: {fileID: 0}
    - target: {fileID: 493682, guid: 8ec774c4def159e4dba49882bd591326, type: 3}
      propertyPath: m_LocalRotation.y
      value: -1
      objectReference: {fileID: 0}
    - target: {fileID: 493682, guid: 8ec774c4def159e4dba49882bd591326, type: 3}
      propertyPath: m_LocalRotation.z
      value: 0
      objectReference: {fileID: 0}
    - target: {fileID: 493682, guid: 8ec774c4def159e4dba49882bd591326, type: 3}
      propertyPath: m_LocalRotation.w
      value: 0.000000059604645
      objectReference: {fileID: 0}
    - target: {fileID: 493682, guid: 8ec774c4def159e4dba49882bd591326, type: 3}
      propertyPath: m_RootOrder
      value: 4
      objectReference: {fileID: 0}
    - target: {fileID: 493682, guid: 8ec774c4def159e4dba49882bd591326, type: 3}
      propertyPath: m_LocalScale.x
      value: 6.9703445
      objectReference: {fileID: 0}
    - target: {fileID: 493682, guid: 8ec774c4def159e4dba49882bd591326, type: 3}
      propertyPath: m_LocalScale.y
      value: 4.4266863
      objectReference: {fileID: 0}
    - target: {fileID: 493682, guid: 8ec774c4def159e4dba49882bd591326, type: 3}
      propertyPath: m_LocalScale.z
      value: 4.4266863
      objectReference: {fileID: 0}
    m_RemovedComponents: []
  m_SourcePrefab: {fileID: 100100000, guid: 8ec774c4def159e4dba49882bd591326, type: 3}
--- !u!4 &6828839060956279588 stripped
Transform:
  m_CorrespondingSourceObject: {fileID: 493682, guid: 8ec774c4def159e4dba49882bd591326,
    type: 3}
  m_PrefabInstance: {fileID: 6828839060956248918}
  m_PrefabAsset: {fileID: 0}
--- !u!1001 &6828839060994211181
PrefabInstance:
  m_ObjectHideFlags: 0
  serializedVersion: 2
  m_Modification:
    m_TransformParent: {fileID: 6828839059386996674}
    m_Modifications:
    - target: {fileID: 115772, guid: 98c20755924aa5d499600058295661ee, type: 3}
      propertyPath: m_Name
      value: Cloud_02 (1)
      objectReference: {fileID: 0}
    - target: {fileID: 443158, guid: 98c20755924aa5d499600058295661ee, type: 3}
      propertyPath: m_LocalPosition.x
      value: 551.38116
      objectReference: {fileID: 0}
    - target: {fileID: 443158, guid: 98c20755924aa5d499600058295661ee, type: 3}
      propertyPath: m_LocalPosition.y
      value: -133.76569
      objectReference: {fileID: 0}
    - target: {fileID: 443158, guid: 98c20755924aa5d499600058295661ee, type: 3}
      propertyPath: m_LocalPosition.z
      value: 80.83237
      objectReference: {fileID: 0}
    - target: {fileID: 443158, guid: 98c20755924aa5d499600058295661ee, type: 3}
      propertyPath: m_LocalRotation.x
      value: 0.005696909
      objectReference: {fileID: 0}
    - target: {fileID: 443158, guid: 98c20755924aa5d499600058295661ee, type: 3}
      propertyPath: m_LocalRotation.y
      value: -0.19805254
      objectReference: {fileID: 0}
    - target: {fileID: 443158, guid: 98c20755924aa5d499600058295661ee, type: 3}
      propertyPath: m_LocalRotation.z
      value: -0.028182706
      objectReference: {fileID: 0}
    - target: {fileID: 443158, guid: 98c20755924aa5d499600058295661ee, type: 3}
      propertyPath: m_LocalRotation.w
      value: 0.97976965
      objectReference: {fileID: 0}
    - target: {fileID: 443158, guid: 98c20755924aa5d499600058295661ee, type: 3}
      propertyPath: m_RootOrder
      value: 1
      objectReference: {fileID: 0}
    - target: {fileID: 443158, guid: 98c20755924aa5d499600058295661ee, type: 3}
      propertyPath: m_LocalScale.x
      value: 4.268763
      objectReference: {fileID: 0}
    - target: {fileID: 443158, guid: 98c20755924aa5d499600058295661ee, type: 3}
      propertyPath: m_LocalScale.y
      value: 2.5667098
      objectReference: {fileID: 0}
    - target: {fileID: 443158, guid: 98c20755924aa5d499600058295661ee, type: 3}
      propertyPath: m_LocalScale.z
      value: 1.937839
      objectReference: {fileID: 0}
    m_RemovedComponents: []
  m_SourcePrefab: {fileID: 100100000, guid: 98c20755924aa5d499600058295661ee, type: 3}
--- !u!4 &6828839060993867387 stripped
Transform:
  m_CorrespondingSourceObject: {fileID: 443158, guid: 98c20755924aa5d499600058295661ee,
    type: 3}
  m_PrefabInstance: {fileID: 6828839060994211181}
  m_PrefabAsset: {fileID: 0}
